%YAML 1.1
%TAG !u! tag:unity3d.com,2011:
--- !u!1001 &572588595607764777
PrefabInstance:
  m_ObjectHideFlags: 0
  serializedVersion: 2
  m_Modification:
    serializedVersion: 3
    m_TransformParent: {fileID: 0}
    m_Modifications:
    - target: {fileID: 3185272425147874677, guid: 916c3db6f7cb1844eac1365b1d640e35, type: 3}
      propertyPath: m_Materials.Array.data[0]
      value: 
      objectReference: {fileID: 2100000, guid: 7e6496c30c1df644089dbc6fb370579a, type: 2}
    - target: {fileID: 5716849184576019748, guid: 916c3db6f7cb1844eac1365b1d640e35, type: 3}
      propertyPath: m_Name
      value: Briar
      objectReference: {fileID: 0}
    - target: {fileID: 5716849184576019748, guid: 916c3db6f7cb1844eac1365b1d640e35, type: 3}
      propertyPath: m_Layer
      value: 21
      objectReference: {fileID: 0}
    - target: {fileID: 6591242081626338594, guid: 916c3db6f7cb1844eac1365b1d640e35, type: 3}
      propertyPath: m_RootOrder
      value: 0
      objectReference: {fileID: 0}
    - target: {fileID: 6591242081626338594, guid: 916c3db6f7cb1844eac1365b1d640e35, type: 3}
      propertyPath: m_LocalPosition.x
      value: 0
      objectReference: {fileID: 0}
    - target: {fileID: 6591242081626338594, guid: 916c3db6f7cb1844eac1365b1d640e35, type: 3}
      propertyPath: m_LocalPosition.y
      value: 0
      objectReference: {fileID: 0}
    - target: {fileID: 6591242081626338594, guid: 916c3db6f7cb1844eac1365b1d640e35, type: 3}
      propertyPath: m_LocalPosition.z
      value: 0
      objectReference: {fileID: 0}
    - target: {fileID: 6591242081626338594, guid: 916c3db6f7cb1844eac1365b1d640e35, type: 3}
      propertyPath: m_LocalRotation.w
      value: 1
      objectReference: {fileID: 0}
    - target: {fileID: 6591242081626338594, guid: 916c3db6f7cb1844eac1365b1d640e35, type: 3}
      propertyPath: m_LocalRotation.x
      value: 0
      objectReference: {fileID: 0}
    - target: {fileID: 6591242081626338594, guid: 916c3db6f7cb1844eac1365b1d640e35, type: 3}
      propertyPath: m_LocalRotation.y
      value: 0
      objectReference: {fileID: 0}
    - target: {fileID: 6591242081626338594, guid: 916c3db6f7cb1844eac1365b1d640e35, type: 3}
      propertyPath: m_LocalRotation.z
      value: 0
      objectReference: {fileID: 0}
    - target: {fileID: 6591242081626338594, guid: 916c3db6f7cb1844eac1365b1d640e35, type: 3}
      propertyPath: m_LocalEulerAnglesHint.x
      value: 0
      objectReference: {fileID: 0}
    - target: {fileID: 6591242081626338594, guid: 916c3db6f7cb1844eac1365b1d640e35, type: 3}
      propertyPath: m_LocalEulerAnglesHint.y
      value: 0
      objectReference: {fileID: 0}
    - target: {fileID: 6591242081626338594, guid: 916c3db6f7cb1844eac1365b1d640e35, type: 3}
      propertyPath: m_LocalEulerAnglesHint.z
      value: 0
      objectReference: {fileID: 0}
    m_RemovedComponents:
    - {fileID: 1542306862439767914, guid: 916c3db6f7cb1844eac1365b1d640e35, type: 3}
    m_RemovedGameObjects: []
    m_AddedGameObjects:
    - targetCorrespondingSourceObject: {fileID: 6591242081626338594, guid: 916c3db6f7cb1844eac1365b1d640e35, type: 3}
      insertIndex: -1
      addedObject: {fileID: 2563632055319962897}
    m_AddedComponents:
    - targetCorrespondingSourceObject: {fileID: 5716849184576019748, guid: 916c3db6f7cb1844eac1365b1d640e35, type: 3}
      insertIndex: 1
      addedObject: {fileID: 1273628889786886139}
  m_SourcePrefab: {fileID: 100100000, guid: 916c3db6f7cb1844eac1365b1d640e35, type: 3}
--- !u!1 &5234425490332279309 stripped
GameObject:
  m_CorrespondingSourceObject: {fileID: 5716849184576019748, guid: 916c3db6f7cb1844eac1365b1d640e35, type: 3}
  m_PrefabInstance: {fileID: 572588595607764777}
  m_PrefabAsset: {fileID: 0}
--- !u!114 &1273628889786886139
MonoBehaviour:
  m_ObjectHideFlags: 0
  m_CorrespondingSourceObject: {fileID: 0}
  m_PrefabInstance: {fileID: 0}
  m_PrefabAsset: {fileID: 0}
  m_GameObject: {fileID: 5234425490332279309}
  m_Enabled: 1
  m_EditorHideFlags: 0
  m_Script: {fileID: 11500000, guid: 99fb7a10ca7ddee4ab764dcf96cf8a12, type: 3}
  m_Name: 
  m_EditorClassIdentifier: 
  trs: {fileID: 6668412175965637131}
  prefabIndex: 0
  hazard: {fileID: 4147734332267267522}
  order: 2
  whatICrashInto:
    serializedVersion: 2
    m_Bits: 6945408
  isDead: 0
  justTeleportedFrom: {fileID: 0}
  cellsEnteredThisTurn: []
  rotationsThisTurn: 
  fellUnitsThisTurn: 0
  connectedActers: []
  stuckToGels: []
  updateConnectedActers: 0
  actedThisTurn: 0
  sources: []
--- !u!4 &6668412175965637131 stripped
Transform:
  m_CorrespondingSourceObject: {fileID: 6591242081626338594, guid: 916c3db6f7cb1844eac1365b1d640e35, type: 3}
  m_PrefabInstance: {fileID: 572588595607764777}
  m_PrefabAsset: {fileID: 0}
--- !u!1001 &9158400033378594586
PrefabInstance:
  m_ObjectHideFlags: 0
  serializedVersion: 2
  m_Modification:
    serializedVersion: 3
    m_TransformParent: {fileID: 6668412175965637131}
    m_Modifications:
    - target: {fileID: 5086422329325480664, guid: fddd537aab1c7af4cb77a390ad9bf812, type: 3}
      propertyPath: whatIKill.m_Bits
      value: 1182016
      objectReference: {fileID: 0}
    - target: {fileID: 5234425490332279309, guid: fddd537aab1c7af4cb77a390ad9bf812, type: 3}
      propertyPath: m_Name
      value: Spikes
      objectReference: {fileID: 0}
    - target: {fileID: 6668412175965637131, guid: fddd537aab1c7af4cb77a390ad9bf812, type: 3}
      propertyPath: m_RootOrder
      value: -1
      objectReference: {fileID: 0}
    - target: {fileID: 6668412175965637131, guid: fddd537aab1c7af4cb77a390ad9bf812, type: 3}
      propertyPath: m_LocalPosition.x
      value: 0
      objectReference: {fileID: 0}
    - target: {fileID: 6668412175965637131, guid: fddd537aab1c7af4cb77a390ad9bf812, type: 3}
      propertyPath: m_LocalPosition.y
      value: 0
      objectReference: {fileID: 0}
    - target: {fileID: 6668412175965637131, guid: fddd537aab1c7af4cb77a390ad9bf812, type: 3}
      propertyPath: m_LocalPosition.z
      value: 0
      objectReference: {fileID: 0}
    - target: {fileID: 6668412175965637131, guid: fddd537aab1c7af4cb77a390ad9bf812, type: 3}
      propertyPath: m_LocalRotation.w
      value: 1
      objectReference: {fileID: 0}
    - target: {fileID: 6668412175965637131, guid: fddd537aab1c7af4cb77a390ad9bf812, type: 3}
      propertyPath: m_LocalRotation.x
      value: 0
      objectReference: {fileID: 0}
    - target: {fileID: 6668412175965637131, guid: fddd537aab1c7af4cb77a390ad9bf812, type: 3}
      propertyPath: m_LocalRotation.y
      value: 0
      objectReference: {fileID: 0}
    - target: {fileID: 6668412175965637131, guid: fddd537aab1c7af4cb77a390ad9bf812, type: 3}
      propertyPath: m_LocalRotation.z
      value: 0
      objectReference: {fileID: 0}
    - target: {fileID: 6668412175965637131, guid: fddd537aab1c7af4cb77a390ad9bf812, type: 3}
      propertyPath: m_LocalEulerAnglesHint.x
      value: 0
      objectReference: {fileID: 0}
    - target: {fileID: 6668412175965637131, guid: fddd537aab1c7af4cb77a390ad9bf812, type: 3}
      propertyPath: m_LocalEulerAnglesHint.y
      value: 0
      objectReference: {fileID: 0}
    - target: {fileID: 6668412175965637131, guid: fddd537aab1c7af4cb77a390ad9bf812, type: 3}
      propertyPath: m_LocalEulerAnglesHint.z
      value: 0
      objectReference: {fileID: 0}
    m_RemovedComponents:
    - {fileID: 3154316546083045980, guid: fddd537aab1c7af4cb77a390ad9bf812, type: 3}
    - {fileID: 7699616880375827962, guid: fddd537aab1c7af4cb77a390ad9bf812, type: 3}
    m_RemovedGameObjects: []
    m_AddedGameObjects: []
    m_AddedComponents: []
  m_SourcePrefab: {fileID: 100100000, guid: fddd537aab1c7af4cb77a390ad9bf812, type: 3}
--- !u!4 &2563632055319962897 stripped
Transform:
  m_CorrespondingSourceObject: {fileID: 6668412175965637131, guid: fddd537aab1c7af4cb77a390ad9bf812, type: 3}
  m_PrefabInstance: {fileID: 9158400033378594586}
  m_PrefabAsset: {fileID: 0}
--- !u!114 &4147734332267267522 stripped
MonoBehaviour:
  m_CorrespondingSourceObject: {fileID: 5086422329325480664, guid: fddd537aab1c7af4cb77a390ad9bf812, type: 3}
  m_PrefabInstance: {fileID: 9158400033378594586}
  m_PrefabAsset: {fileID: 0}
  m_GameObject: {fileID: 0}
  m_Enabled: 1
  m_EditorHideFlags: 0
  m_Script: {fileID: 11500000, guid: b25a9e8a8a3ad3b4bb6312377517a5ed, type: 3}
  m_Name: 
  m_EditorClassIdentifier: 
