%YAML 1.1
%TAG !u! tag:unity3d.com,2011:
--- !u!1 &1305134848106350166
GameObject:
  m_ObjectHideFlags: 0
  m_CorrespondingSourceObject: {fileID: 0}
  m_PrefabInstance: {fileID: 0}
  m_PrefabAsset: {fileID: 0}
  serializedVersion: 6
  m_Component:
  - component: {fileID: 5915081978778984414}
  - component: {fileID: 1586656273324883496}
  - component: {fileID: 7561805027105379293}
  m_Layer: 0
  m_Name: Background Camera
  m_TagString: Untagged
  m_Icon: {fileID: 0}
  m_NavMeshLayer: 0
  m_StaticEditorFlags: 0
  m_IsActive: 1
--- !u!4 &5915081978778984414
Transform:
  m_ObjectHideFlags: 0
  m_CorrespondingSourceObject: {fileID: 0}
  m_PrefabInstance: {fileID: 0}
  m_PrefabAsset: {fileID: 0}
  m_GameObject: {fileID: 1305134848106350166}
  serializedVersion: 2
  m_LocalRotation: {x: -0, y: -0, z: -0, w: 1}
  m_LocalPosition: {x: 0, y: 0, z: 0}
  m_LocalScale: {x: 1, y: 1, z: 1}
  m_ConstrainProportionsScale: 0
  m_Children: []
  m_Father: {fileID: 5647090230746952519}
  m_LocalEulerAnglesHint: {x: 0, y: 0, z: 0}
--- !u!20 &1586656273324883496
Camera:
  m_ObjectHideFlags: 0
  m_CorrespondingSourceObject: {fileID: 0}
  m_PrefabInstance: {fileID: 0}
  m_PrefabAsset: {fileID: 0}
  m_GameObject: {fileID: 1305134848106350166}
  m_Enabled: 1
  serializedVersion: 2
  m_ClearFlags: 2
  m_BackGroundColor: {r: 0.5019608, g: 0.5019608, b: 0.5019608, a: 0}
  m_projectionMatrixMode: 1
  m_GateFitMode: 2
  m_FOVAxisMode: 0
  m_Iso: 200
  m_ShutterSpeed: 0.005
  m_Aperture: 16
  m_FocusDistance: 10
  m_FocalLength: 50
  m_BladeCount: 5
  m_Curvature: {x: 2, y: 11}
  m_BarrelClipping: 0.25
  m_Anamorphism: 0
  m_SensorSize: {x: 36, y: 24}
  m_LensShift: {x: 0, y: 0}
  m_NormalizedViewPortRect:
    serializedVersion: 2
    x: 0
    y: 0
    width: 1
    height: 1
  near clip plane: 0.3
  far clip plane: 1000
  field of view: 60
  orthographic: 1
  orthographic size: 5
  m_Depth: -1
  m_CullingMask:
    serializedVersion: 2
    m_Bits: 0
  m_RenderingPath: -1
  m_TargetTexture: {fileID: 0}
  m_TargetDisplay: 0
  m_TargetEye: 3
  m_HDR: 1
  m_AllowMSAA: 1
  m_AllowDynamicResolution: 0
  m_ForceIntoRT: 0
  m_OcclusionCulling: 1
  m_StereoConvergence: 10
  m_StereoSeparation: 0.022
--- !u!114 &7561805027105379293
MonoBehaviour:
  m_ObjectHideFlags: 0
  m_CorrespondingSourceObject: {fileID: 0}
  m_PrefabInstance: {fileID: 0}
  m_PrefabAsset: {fileID: 0}
  m_GameObject: {fileID: 1305134848106350166}
  m_Enabled: 1
  m_EditorHideFlags: 0
  m_Script: {fileID: 11500000, guid: a79441f348de89743a2939f4d699eac1, type: 3}
  m_Name: 
  m_EditorClassIdentifier: 
  m_RenderShadows: 0
  m_RequiresDepthTextureOption: 2
  m_RequiresOpaqueTextureOption: 2
  m_CameraType: 0
  m_Cameras: []
  m_RendererIndex: -1
  m_VolumeLayerMask:
    serializedVersion: 2
    m_Bits: 0
  m_VolumeTrigger: {fileID: 0}
  m_VolumeFrameworkUpdateModeOption: 2
  m_RenderPostProcessing: 0
  m_Antialiasing: 0
  m_AntialiasingQuality: 2
  m_StopNaN: 0
  m_Dithering: 0
  m_ClearDepth: 1
  m_AllowXRRendering: 1
  m_AllowHDROutput: 1
  m_UseScreenCoordOverride: 0
  m_ScreenSizeOverride: {x: 0, y: 0, z: 0, w: 0}
  m_ScreenCoordScaleBias: {x: 0, y: 0, z: 0, w: 0}
  m_RequiresDepthTexture: 0
  m_RequiresColorTexture: 0
  m_Version: 2
  m_TaaSettings:
    m_Quality: 3
    m_FrameInfluence: 0.1
    m_JitterScale: 1
    m_MipBias: 0
    m_VarianceClampScale: 0.9
    m_ContrastAdaptiveSharpening: 0
--- !u!1 &1389373701742576779
GameObject:
  m_ObjectHideFlags: 0
  m_CorrespondingSourceObject: {fileID: 0}
  m_PrefabInstance: {fileID: 0}
  m_PrefabAsset: {fileID: 0}
  serializedVersion: 6
  m_Component:
  - component: {fileID: 533276120044399757}
  - component: {fileID: 2001939604809600228}
  m_Layer: 0
  m_Name: Screen Effect
  m_TagString: Untagged
  m_Icon: {fileID: 0}
  m_NavMeshLayer: 0
  m_StaticEditorFlags: 0
  m_IsActive: 0
--- !u!4 &533276120044399757
Transform:
  m_ObjectHideFlags: 0
  m_CorrespondingSourceObject: {fileID: 0}
  m_PrefabInstance: {fileID: 0}
  m_PrefabAsset: {fileID: 0}
  m_GameObject: {fileID: 1389373701742576779}
  serializedVersion: 2
  m_LocalRotation: {x: -0, y: -0, z: -0, w: 1}
  m_LocalPosition: {x: 0, y: 0, z: 10}
  m_LocalScale: {x: 1, y: 1, z: 1}
  m_ConstrainProportionsScale: 0
  m_Children: []
  m_Father: {fileID: 5647090230746952519}
  m_LocalEulerAnglesHint: {x: 0, y: 0, z: 0}
--- !u!212 &2001939604809600228
SpriteRenderer:
  m_ObjectHideFlags: 0
  m_CorrespondingSourceObject: {fileID: 0}
  m_PrefabInstance: {fileID: 0}
  m_PrefabAsset: {fileID: 0}
  m_GameObject: {fileID: 1389373701742576779}
  m_Enabled: 1
  m_CastShadows: 0
  m_ReceiveShadows: 0
  m_DynamicOccludee: 1
  m_StaticShadowCaster: 0
  m_MotionVectors: 1
  m_LightProbeUsage: 1
  m_ReflectionProbeUsage: 1
  m_RayTracingMode: 0
  m_RayTraceProcedural: 0
  m_RayTracingAccelStructBuildFlagsOverride: 0
  m_RayTracingAccelStructBuildFlags: 1
  m_SmallMeshCulling: 1
  m_RenderingLayerMask: 1
  m_RendererPriority: 0
  m_Materials:
  - {fileID: 2100000, guid: 712641894aed0cb4aae2069c6f47a748, type: 2}
  m_StaticBatchInfo:
    firstSubMesh: 0
    subMeshCount: 0
  m_StaticBatchRoot: {fileID: 0}
  m_ProbeAnchor: {fileID: 0}
  m_LightProbeVolumeOverride: {fileID: 0}
  m_ScaleInLightmap: 1
  m_ReceiveGI: 1
  m_PreserveUVs: 0
  m_IgnoreNormalsForChartDetection: 0
  m_ImportantGI: 0
  m_StitchLightmapSeams: 1
  m_SelectedEditorRenderState: 0
  m_MinimumChartSize: 4
  m_AutoUVMaxDistance: 0.5
  m_AutoUVMaxAngle: 89
  m_LightmapParameters: {fileID: 0}
  m_SortingLayerID: -1784048653
  m_SortingLayer: 1
  m_SortingOrder: 32767
  m_Sprite: {fileID: 21300000, guid: 3bfb4a294ac2ee74b8069506b1d547e1, type: 3}
  m_Color: {r: 1, g: 1, b: 1, a: 1}
  m_FlipX: 0
  m_FlipY: 0
  m_DrawMode: 0
  m_Size: {x: 1, y: 1}
  m_AdaptiveModeThreshold: 0.5
  m_SpriteTileMode: 0
  m_WasSpriteAssigned: 1
  m_MaskInteraction: 0
  m_SpriteSortPoint: 0
--- !u!1 &3106215702463825938
GameObject:
  m_ObjectHideFlags: 0
  m_CorrespondingSourceObject: {fileID: 0}
  m_PrefabInstance: {fileID: 0}
  m_PrefabAsset: {fileID: 0}
  serializedVersion: 6
  m_Component:
  - component: {fileID: 7215847978840836917}
  - component: {fileID: 2060712091115986275}
  m_Layer: 0
  m_Name: Decided Move Indicator
  m_TagString: Untagged
  m_Icon: {fileID: 0}
  m_NavMeshLayer: 0
  m_StaticEditorFlags: 0
  m_IsActive: 0
--- !u!4 &7215847978840836917
Transform:
  m_ObjectHideFlags: 0
  m_CorrespondingSourceObject: {fileID: 0}
  m_PrefabInstance: {fileID: 0}
  m_PrefabAsset: {fileID: 0}
  m_GameObject: {fileID: 3106215702463825938}
  serializedVersion: 2
  m_LocalRotation: {x: 0, y: 0, z: 0, w: 1}
  m_LocalPosition: {x: 0, y: 0, z: 0}
  m_LocalScale: {x: 1, y: 1, z: 1}
  m_ConstrainProportionsScale: 0
  m_Children: []
  m_Father: {fileID: 6668412175965637131}
  m_LocalEulerAnglesHint: {x: 0, y: 0, z: 0}
--- !u!212 &2060712091115986275
SpriteRenderer:
  m_ObjectHideFlags: 0
  m_CorrespondingSourceObject: {fileID: 0}
  m_PrefabInstance: {fileID: 0}
  m_PrefabAsset: {fileID: 0}
  m_GameObject: {fileID: 3106215702463825938}
  m_Enabled: 1
  m_CastShadows: 0
  m_ReceiveShadows: 0
  m_DynamicOccludee: 1
  m_StaticShadowCaster: 0
  m_MotionVectors: 1
  m_LightProbeUsage: 1
  m_ReflectionProbeUsage: 1
  m_RayTracingMode: 0
  m_RayTraceProcedural: 0
  m_RayTracingAccelStructBuildFlagsOverride: 0
  m_RayTracingAccelStructBuildFlags: 1
  m_SmallMeshCulling: 1
  m_RenderingLayerMask: 1
  m_RendererPriority: 0
  m_Materials:
  - {fileID: 2100000, guid: 3b3e02ed6eef5334c942e97ae14b2dbb, type: 2}
  m_StaticBatchInfo:
    firstSubMesh: 0
    subMeshCount: 0
  m_StaticBatchRoot: {fileID: 0}
  m_ProbeAnchor: {fileID: 0}
  m_LightProbeVolumeOverride: {fileID: 0}
  m_ScaleInLightmap: 1
  m_ReceiveGI: 1
  m_PreserveUVs: 0
  m_IgnoreNormalsForChartDetection: 0
  m_ImportantGI: 0
  m_StitchLightmapSeams: 1
  m_SelectedEditorRenderState: 0
  m_MinimumChartSize: 4
  m_AutoUVMaxDistance: 0.5
  m_AutoUVMaxAngle: 89
  m_LightmapParameters: {fileID: 0}
  m_SortingLayerID: 0
  m_SortingLayer: 0
  m_SortingOrder: 400
  m_Sprite: {fileID: 21300000, guid: f84fd8e59404d3d4c927486467d5dd94, type: 3}
  m_Color: {r: 1, g: 1, b: 1, a: 1}
  m_FlipX: 0
  m_FlipY: 0
  m_DrawMode: 0
  m_Size: {x: 1, y: 1}
  m_AdaptiveModeThreshold: 0.5
  m_SpriteTileMode: 0
  m_WasSpriteAssigned: 1
  m_MaskInteraction: 0
  m_SpriteSortPoint: 0
--- !u!1 &5230933306013049469
GameObject:
  m_ObjectHideFlags: 0
  m_CorrespondingSourceObject: {fileID: 0}
  m_PrefabInstance: {fileID: 0}
  m_PrefabAsset: {fileID: 0}
  serializedVersion: 6
  m_Component:
  - component: {fileID: 5647090230746952519}
  - component: {fileID: 8947438456100673413}
  - component: {fileID: 6001576275218953584}
  - component: {fileID: 4083111784238429732}
  m_Layer: 6
  m_Name: Camera
  m_TagString: Untagged
  m_Icon: {fileID: 0}
  m_NavMeshLayer: 0
  m_StaticEditorFlags: 0
  m_IsActive: 0
--- !u!4 &5647090230746952519
Transform:
  m_ObjectHideFlags: 0
  m_CorrespondingSourceObject: {fileID: 0}
  m_PrefabInstance: {fileID: 0}
  m_PrefabAsset: {fileID: 0}
  m_GameObject: {fileID: 5230933306013049469}
  serializedVersion: 2
  m_LocalRotation: {x: 0, y: 0, z: 0, w: 1}
  m_LocalPosition: {x: 0, y: 0, z: -10}
  m_LocalScale: {x: 1, y: 1, z: 1}
  m_ConstrainProportionsScale: 0
  m_Children:
  - {fileID: 5915081978778984414}
  - {fileID: 533276120044399757}
  m_Father: {fileID: 6668412175965637131}
  m_LocalEulerAnglesHint: {x: 0, y: 0, z: 0}
--- !u!20 &8947438456100673413
Camera:
  m_ObjectHideFlags: 0
  m_CorrespondingSourceObject: {fileID: 0}
  m_PrefabInstance: {fileID: 0}
  m_PrefabAsset: {fileID: 0}
  m_GameObject: {fileID: 5230933306013049469}
  m_Enabled: 1
  serializedVersion: 2
  m_ClearFlags: 2
  m_BackGroundColor: {r: 0, g: 0, b: 0, a: 0}
  m_projectionMatrixMode: 1
  m_GateFitMode: 2
  m_FOVAxisMode: 0
  m_Iso: 200
  m_ShutterSpeed: 0.005
  m_Aperture: 16
  m_FocusDistance: 10
  m_FocalLength: 50
  m_BladeCount: 5
  m_Curvature: {x: 2, y: 11}
  m_BarrelClipping: 0.25
  m_Anamorphism: 0
  m_SensorSize: {x: 36, y: 24}
  m_LensShift: {x: 0, y: 0}
  m_NormalizedViewPortRect:
    serializedVersion: 2
    x: 0.025796264
    y: 0
    width: 0.9484075
    height: 1
  near clip plane: 0.3
  far clip plane: 1000
  field of view: 60
  orthographic: 1
  orthographic size: 12.5
  m_Depth: 0
  m_CullingMask:
    serializedVersion: 2
    m_Bits: 4294967295
  m_RenderingPath: -1
  m_TargetTexture: {fileID: 0}
  m_TargetDisplay: 0
  m_TargetEye: 3
  m_HDR: 1
  m_AllowMSAA: 1
  m_AllowDynamicResolution: 0
  m_ForceIntoRT: 0
  m_OcclusionCulling: 1
  m_StereoConvergence: 10
  m_StereoSeparation: 0.022
--- !u!114 &6001576275218953584
MonoBehaviour:
  m_ObjectHideFlags: 0
  m_CorrespondingSourceObject: {fileID: 0}
  m_PrefabInstance: {fileID: 0}
  m_PrefabAsset: {fileID: 0}
  m_GameObject: {fileID: 5230933306013049469}
  m_Enabled: 1
  m_EditorHideFlags: 0
  m_Script: {fileID: 11500000, guid: 8e33a5cee91b10e4aa4f82415417fd3d, type: 3}
  m_Name: 
  m_EditorClassIdentifier: 
  handleMultipleInstances: 0
  persistant: 0
  trs: {fileID: 5647090230746952519}
  camera: {fileID: 8947438456100673413}
  viewSize: {x: 39, y: 19}
  viewRect:
    serializedVersion: 2
    x: 0
    y: 0
    width: 0
    height: 0
--- !u!114 &4083111784238429732
MonoBehaviour:
  m_ObjectHideFlags: 0
  m_CorrespondingSourceObject: {fileID: 0}
  m_PrefabInstance: {fileID: 0}
  m_PrefabAsset: {fileID: 0}
  m_GameObject: {fileID: 5230933306013049469}
  m_Enabled: 1
  m_EditorHideFlags: 0
  m_Script: {fileID: 11500000, guid: a79441f348de89743a2939f4d699eac1, type: 3}
  m_Name: 
  m_EditorClassIdentifier: 
  m_RenderShadows: 0
  m_RequiresDepthTextureOption: 2
  m_RequiresOpaqueTextureOption: 2
  m_CameraType: 0
  m_Cameras: []
  m_RendererIndex: -1
  m_VolumeLayerMask:
    serializedVersion: 2
    m_Bits: 1
  m_VolumeTrigger: {fileID: 0}
  m_VolumeFrameworkUpdateModeOption: 2
  m_RenderPostProcessing: 0
  m_Antialiasing: 0
  m_AntialiasingQuality: 2
  m_StopNaN: 0
  m_Dithering: 0
  m_ClearDepth: 1
  m_AllowXRRendering: 1
  m_AllowHDROutput: 1
  m_UseScreenCoordOverride: 0
  m_ScreenSizeOverride: {x: 0, y: 0, z: 0, w: 0}
  m_ScreenCoordScaleBias: {x: 0, y: 0, z: 0, w: 0}
  m_RequiresDepthTexture: 0
  m_RequiresColorTexture: 0
  m_Version: 2
  m_TaaSettings:
    m_Quality: 3
    m_FrameInfluence: 0.1
    m_JitterScale: 1
    m_MipBias: 0
    m_VarianceClampScale: 0.9
    m_ContrastAdaptiveSharpening: 0
--- !u!1 &6656751493529550153
GameObject:
  m_ObjectHideFlags: 0
  m_CorrespondingSourceObject: {fileID: 0}
  m_PrefabInstance: {fileID: 0}
  m_PrefabAsset: {fileID: 0}
  serializedVersion: 6
  m_Component:
  - component: {fileID: 879149187708971524}
  - component: {fileID: 7648064881400194243}
  m_Layer: 0
  m_Name: Enabled Indicator
  m_TagString: Untagged
  m_Icon: {fileID: 0}
  m_NavMeshLayer: 0
  m_StaticEditorFlags: 0
  m_IsActive: 0
--- !u!4 &879149187708971524
Transform:
  m_ObjectHideFlags: 0
  m_CorrespondingSourceObject: {fileID: 0}
  m_PrefabInstance: {fileID: 0}
  m_PrefabAsset: {fileID: 0}
  m_GameObject: {fileID: 6656751493529550153}
  serializedVersion: 2
  m_LocalRotation: {x: 0, y: 0, z: 0, w: 1}
  m_LocalPosition: {x: 0, y: 0, z: 0}
  m_LocalScale: {x: 0.9, y: 0.9, z: 1}
  m_ConstrainProportionsScale: 0
  m_Children: []
  m_Father: {fileID: 6668412175965637131}
  m_LocalEulerAnglesHint: {x: 0, y: 0, z: 0}
--- !u!212 &7648064881400194243
SpriteRenderer:
  m_ObjectHideFlags: 0
  m_CorrespondingSourceObject: {fileID: 0}
  m_PrefabInstance: {fileID: 0}
  m_PrefabAsset: {fileID: 0}
  m_GameObject: {fileID: 6656751493529550153}
  m_Enabled: 1
  m_CastShadows: 0
  m_ReceiveShadows: 0
  m_DynamicOccludee: 1
  m_StaticShadowCaster: 0
  m_MotionVectors: 1
  m_LightProbeUsage: 1
  m_ReflectionProbeUsage: 1
  m_RayTracingMode: 0
  m_RayTraceProcedural: 0
  m_RayTracingAccelStructBuildFlagsOverride: 0
  m_RayTracingAccelStructBuildFlags: 1
  m_SmallMeshCulling: 1
  m_RenderingLayerMask: 1
  m_RendererPriority: 0
  m_Materials:
  - {fileID: 2100000, guid: 5a1064c0b9413c74c8d846ca39c8fe3f, type: 2}
  m_StaticBatchInfo:
    firstSubMesh: 0
    subMeshCount: 0
  m_StaticBatchRoot: {fileID: 0}
  m_ProbeAnchor: {fileID: 0}
  m_LightProbeVolumeOverride: {fileID: 0}
  m_ScaleInLightmap: 1
  m_ReceiveGI: 1
  m_PreserveUVs: 0
  m_IgnoreNormalsForChartDetection: 0
  m_ImportantGI: 0
  m_StitchLightmapSeams: 1
  m_SelectedEditorRenderState: 0
  m_MinimumChartSize: 4
  m_AutoUVMaxDistance: 0.5
  m_AutoUVMaxAngle: 89
  m_LightmapParameters: {fileID: 0}
  m_SortingLayerID: 0
  m_SortingLayer: 0
  m_SortingOrder: 300
  m_Sprite: {fileID: 21300000, guid: f84fd8e59404d3d4c927486467d5dd94, type: 3}
  m_Color: {r: 1, g: 1, b: 1, a: 1}
  m_FlipX: 0
  m_FlipY: 0
  m_DrawMode: 0
  m_Size: {x: 1, y: 1}
  m_AdaptiveModeThreshold: 0.5
  m_SpriteTileMode: 0
  m_WasSpriteAssigned: 1
  m_MaskInteraction: 0
  m_SpriteSortPoint: 0
--- !u!1001 &572588595607764777
PrefabInstance:
  m_ObjectHideFlags: 0
  serializedVersion: 2
  m_Modification:
    serializedVersion: 3
    m_TransformParent: {fileID: 0}
    m_Modifications:
    - target: {fileID: 3185272425147874677, guid: 916c3db6f7cb1844eac1365b1d640e35, type: 3}
      propertyPath: m_Sprite
      value: 
      objectReference: {fileID: 21300000, guid: 3bfb4a294ac2ee74b8069506b1d547e1, type: 3}
    - target: {fileID: 3185272425147874677, guid: 916c3db6f7cb1844eac1365b1d640e35, type: 3}
      propertyPath: m_Color.b
      value: 1
      objectReference: {fileID: 0}
    - target: {fileID: 3185272425147874677, guid: 916c3db6f7cb1844eac1365b1d640e35, type: 3}
      propertyPath: m_Color.g
      value: 1
      objectReference: {fileID: 0}
    - target: {fileID: 3185272425147874677, guid: 916c3db6f7cb1844eac1365b1d640e35, type: 3}
      propertyPath: m_Color.r
      value: 1
      objectReference: {fileID: 0}
    - target: {fileID: 3185272425147874677, guid: 916c3db6f7cb1844eac1365b1d640e35, type: 3}
      propertyPath: m_SortingOrder
      value: 300
      objectReference: {fileID: 0}
    - target: {fileID: 3185272425147874677, guid: 916c3db6f7cb1844eac1365b1d640e35, type: 3}
      propertyPath: m_WasSpriteAssigned
      value: 1
      objectReference: {fileID: 0}
    - target: {fileID: 3185272425147874677, guid: 916c3db6f7cb1844eac1365b1d640e35, type: 3}
      propertyPath: 'm_Materials.Array.data[0]'
      value: 
      objectReference: {fileID: 2100000, guid: 8c5939ff3b742054a8a81536337f9083, type: 2}
    - target: {fileID: 5716849184576019748, guid: 916c3db6f7cb1844eac1365b1d640e35, type: 3}
      propertyPath: m_Name
      value: Player
      objectReference: {fileID: 0}
    - target: {fileID: 5716849184576019748, guid: 916c3db6f7cb1844eac1365b1d640e35, type: 3}
      propertyPath: m_Layer
      value: 6
      objectReference: {fileID: 0}
    - target: {fileID: 6591242081626338594, guid: 916c3db6f7cb1844eac1365b1d640e35, type: 3}
      propertyPath: m_RootOrder
      value: -1
      objectReference: {fileID: 0}
    - target: {fileID: 6591242081626338594, guid: 916c3db6f7cb1844eac1365b1d640e35, type: 3}
      propertyPath: m_LocalPosition.x
      value: 0
      objectReference: {fileID: 0}
    - target: {fileID: 6591242081626338594, guid: 916c3db6f7cb1844eac1365b1d640e35, type: 3}
      propertyPath: m_LocalPosition.y
      value: 0
      objectReference: {fileID: 0}
    - target: {fileID: 6591242081626338594, guid: 916c3db6f7cb1844eac1365b1d640e35, type: 3}
      propertyPath: m_LocalPosition.z
      value: 0
      objectReference: {fileID: 0}
    - target: {fileID: 6591242081626338594, guid: 916c3db6f7cb1844eac1365b1d640e35, type: 3}
      propertyPath: m_LocalRotation.w
      value: 1
      objectReference: {fileID: 0}
    - target: {fileID: 6591242081626338594, guid: 916c3db6f7cb1844eac1365b1d640e35, type: 3}
      propertyPath: m_LocalRotation.x
      value: -0
      objectReference: {fileID: 0}
    - target: {fileID: 6591242081626338594, guid: 916c3db6f7cb1844eac1365b1d640e35, type: 3}
      propertyPath: m_LocalRotation.y
      value: -0
      objectReference: {fileID: 0}
    - target: {fileID: 6591242081626338594, guid: 916c3db6f7cb1844eac1365b1d640e35, type: 3}
      propertyPath: m_LocalRotation.z
      value: -0
      objectReference: {fileID: 0}
    - target: {fileID: 6591242081626338594, guid: 916c3db6f7cb1844eac1365b1d640e35, type: 3}
      propertyPath: m_LocalEulerAnglesHint.x
      value: 0
      objectReference: {fileID: 0}
    - target: {fileID: 6591242081626338594, guid: 916c3db6f7cb1844eac1365b1d640e35, type: 3}
      propertyPath: m_LocalEulerAnglesHint.y
      value: 0
      objectReference: {fileID: 0}
    - target: {fileID: 6591242081626338594, guid: 916c3db6f7cb1844eac1365b1d640e35, type: 3}
      propertyPath: m_LocalEulerAnglesHint.z
      value: 0
      objectReference: {fileID: 0}
    m_RemovedComponents:
    - {fileID: 1542306862439767914, guid: 916c3db6f7cb1844eac1365b1d640e35, type: 3}
    m_RemovedGameObjects: []
    m_AddedGameObjects:
    - targetCorrespondingSourceObject: {fileID: 6591242081626338594, guid: 916c3db6f7cb1844eac1365b1d640e35, type: 3}
      insertIndex: -1
      addedObject: {fileID: 3140923428324176552}
    - targetCorrespondingSourceObject: {fileID: 6591242081626338594, guid: 916c3db6f7cb1844eac1365b1d640e35, type: 3}
      insertIndex: -1
      addedObject: {fileID: 7215847978840836917}
    - targetCorrespondingSourceObject: {fileID: 6591242081626338594, guid: 916c3db6f7cb1844eac1365b1d640e35, type: 3}
      insertIndex: -1
      addedObject: {fileID: 879149187708971524}
    - targetCorrespondingSourceObject: {fileID: 6591242081626338594, guid: 916c3db6f7cb1844eac1365b1d640e35, type: 3}
      insertIndex: -1
      addedObject: {fileID: 5647090230746952519}
    m_AddedComponents:
    - targetCorrespondingSourceObject: {fileID: 5716849184576019748, guid: 916c3db6f7cb1844eac1365b1d640e35, type: 3}
      insertIndex: 1
      addedObject: {fileID: 3409211781023938621}
  m_SourcePrefab: {fileID: 100100000, guid: 916c3db6f7cb1844eac1365b1d640e35, type: 3}
--- !u!1 &5234425490332279309 stripped
GameObject:
  m_CorrespondingSourceObject: {fileID: 5716849184576019748, guid: 916c3db6f7cb1844eac1365b1d640e35, type: 3}
  m_PrefabInstance: {fileID: 572588595607764777}
  m_PrefabAsset: {fileID: 0}
--- !u!114 &3409211781023938621
MonoBehaviour:
  m_ObjectHideFlags: 0
  m_CorrespondingSourceObject: {fileID: 0}
  m_PrefabInstance: {fileID: 0}
  m_PrefabAsset: {fileID: 0}
  m_GameObject: {fileID: 5234425490332279309}
  m_Enabled: 1
  m_EditorHideFlags: 0
  m_Script: {fileID: 11500000, guid: 2780581258339f844bfa25475e364df4, type: 3}
  m_Name: 
  m_EditorClassIdentifier: 
  trs: {fileID: 6668412175965637131}
  prefabIndex: 0
  hazard: {fileID: 3569844414315221627}
  order: 0
  whatICrashInto:
    serializedVersion: 2
    m_Bits: 784576
  isDead: 1
  justTeleportedFrom: {fileID: 0}
  cellsEnteredThisTurn: []
  rotationsThisTurn: 
  fellUnitsThisTurn: 0
  connectedActers: []
  stuckToGels: []
  updateConnectedActers: 0
  actedThisTurn: 0
  enabledIndicatorGo: {fileID: 6656751493529550153}
  decidedMoveIndicatorTrs: {fileID: 7215847978840836917}
  autoSwitchEnabledOnDecidedMove: 0
--- !u!4 &6668412175965637131 stripped
Transform:
  m_CorrespondingSourceObject: {fileID: 6591242081626338594, guid: 916c3db6f7cb1844eac1365b1d640e35, type: 3}
  m_PrefabInstance: {fileID: 572588595607764777}
  m_PrefabAsset: {fileID: 0}
--- !u!1001 &8582797371839396003
PrefabInstance:
  m_ObjectHideFlags: 0
  serializedVersion: 2
  m_Modification:
    serializedVersion: 3
    m_TransformParent: {fileID: 6668412175965637131}
    m_Modifications:
    - target: {fileID: 5086422329325480664, guid: fddd537aab1c7af4cb77a390ad9bf812, type: 3}
      propertyPath: whatIKill.m_Bits
      value: 131072
      objectReference: {fileID: 0}
    - target: {fileID: 5234425490332279309, guid: fddd537aab1c7af4cb77a390ad9bf812, type: 3}
      propertyPath: m_Icon
      value: 
      objectReference: {fileID: 7866945982896999795, guid: 0000000000000000d000000000000000, type: 0}
    - target: {fileID: 5234425490332279309, guid: fddd537aab1c7af4cb77a390ad9bf812, type: 3}
      propertyPath: m_Name
      value: Spikes
      objectReference: {fileID: 0}
    - target: {fileID: 6668412175965637131, guid: fddd537aab1c7af4cb77a390ad9bf812, type: 3}
      propertyPath: m_RootOrder
      value: 0
      objectReference: {fileID: 0}
    - target: {fileID: 6668412175965637131, guid: fddd537aab1c7af4cb77a390ad9bf812, type: 3}
      propertyPath: m_LocalPosition.x
      value: 0
      objectReference: {fileID: 0}
    - target: {fileID: 6668412175965637131, guid: fddd537aab1c7af4cb77a390ad9bf812, type: 3}
      propertyPath: m_LocalPosition.y
      value: -1
      objectReference: {fileID: 0}
    - target: {fileID: 6668412175965637131, guid: fddd537aab1c7af4cb77a390ad9bf812, type: 3}
      propertyPath: m_LocalPosition.z
      value: 0
      objectReference: {fileID: 0}
    - target: {fileID: 6668412175965637131, guid: fddd537aab1c7af4cb77a390ad9bf812, type: 3}
      propertyPath: m_LocalRotation.w
      value: 1
      objectReference: {fileID: 0}
    - target: {fileID: 6668412175965637131, guid: fddd537aab1c7af4cb77a390ad9bf812, type: 3}
      propertyPath: m_LocalRotation.x
      value: 0
      objectReference: {fileID: 0}
    - target: {fileID: 6668412175965637131, guid: fddd537aab1c7af4cb77a390ad9bf812, type: 3}
      propertyPath: m_LocalRotation.y
      value: 0
      objectReference: {fileID: 0}
    - target: {fileID: 6668412175965637131, guid: fddd537aab1c7af4cb77a390ad9bf812, type: 3}
      propertyPath: m_LocalRotation.z
      value: 0
      objectReference: {fileID: 0}
    - target: {fileID: 6668412175965637131, guid: fddd537aab1c7af4cb77a390ad9bf812, type: 3}
      propertyPath: m_LocalEulerAnglesHint.x
      value: 0
      objectReference: {fileID: 0}
    - target: {fileID: 6668412175965637131, guid: fddd537aab1c7af4cb77a390ad9bf812, type: 3}
      propertyPath: m_LocalEulerAnglesHint.y
      value: 0
      objectReference: {fileID: 0}
    - target: {fileID: 6668412175965637131, guid: fddd537aab1c7af4cb77a390ad9bf812, type: 3}
      propertyPath: m_LocalEulerAnglesHint.z
      value: 0
      objectReference: {fileID: 0}
    m_RemovedComponents:
    - {fileID: 7699616880375827962, guid: fddd537aab1c7af4cb77a390ad9bf812, type: 3}
    - {fileID: 3154316546083045980, guid: fddd537aab1c7af4cb77a390ad9bf812, type: 3}
    m_RemovedGameObjects: []
    m_AddedGameObjects: []
    m_AddedComponents: []
  m_SourcePrefab: {fileID: 100100000, guid: fddd537aab1c7af4cb77a390ad9bf812, type: 3}
--- !u!4 &3140923428324176552 stripped
Transform:
  m_CorrespondingSourceObject: {fileID: 6668412175965637131, guid: fddd537aab1c7af4cb77a390ad9bf812, type: 3}
  m_PrefabInstance: {fileID: 8582797371839396003}
  m_PrefabAsset: {fileID: 0}
--- !u!114 &3569844414315221627 stripped
MonoBehaviour:
  m_CorrespondingSourceObject: {fileID: 5086422329325480664, guid: fddd537aab1c7af4cb77a390ad9bf812, type: 3}
  m_PrefabInstance: {fileID: 8582797371839396003}
  m_PrefabAsset: {fileID: 0}
  m_GameObject: {fileID: 0}
  m_Enabled: 1
  m_EditorHideFlags: 0
  m_Script: {fileID: 11500000, guid: b25a9e8a8a3ad3b4bb6312377517a5ed, type: 3}
  m_Name: 
  m_EditorClassIdentifier: 
