%YAML 1.1
%TAG !u! tag:unity3d.com,2011:
--- !u!29 &1
OcclusionCullingSettings:
  m_ObjectHideFlags: 0
  serializedVersion: 2
  m_OcclusionBakeSettings:
    smallestOccluder: 5
    smallestHole: 0.25
    backfaceThreshold: 100
  m_SceneGUID: 00000000000000000000000000000000
  m_OcclusionCullingData: {fileID: 0}
--- !u!104 &2
RenderSettings:
  m_ObjectHideFlags: 0
  serializedVersion: 9
  m_Fog: 0
  m_FogColor: {r: 0.5, g: 0.5, b: 0.5, a: 1}
  m_FogMode: 3
  m_FogDensity: 0.01
  m_LinearFogStart: 0
  m_LinearFogEnd: 300
  m_AmbientSkyColor: {r: 0.212, g: 0.227, b: 0.259, a: 1}
  m_AmbientEquatorColor: {r: 0.114, g: 0.125, b: 0.133, a: 1}
  m_AmbientGroundColor: {r: 0.047, g: 0.043, b: 0.035, a: 1}
  m_AmbientIntensity: 1
  m_AmbientMode: 3
  m_SubtractiveShadowColor: {r: 0.42, g: 0.478, b: 0.627, a: 1}
  m_SkyboxMaterial: {fileID: 0}
  m_HaloStrength: 0.5
  m_FlareStrength: 1
  m_FlareFadeSpeed: 3
  m_HaloTexture: {fileID: 0}
  m_SpotCookie: {fileID: 10001, guid: 0000000000000000e000000000000000, type: 0}
  m_DefaultReflectionMode: 0
  m_DefaultReflectionResolution: 128
  m_ReflectionBounces: 1
  m_ReflectionIntensity: 1
  m_CustomReflection: {fileID: 0}
  m_Sun: {fileID: 0}
  m_IndirectSpecularColor: {r: 0, g: 0, b: 0, a: 1}
  m_UseRadianceAmbientProbe: 0
--- !u!157 &3
LightmapSettings:
  m_ObjectHideFlags: 0
  serializedVersion: 12
  m_GIWorkflowMode: 1
  m_GISettings:
    serializedVersion: 2
    m_BounceScale: 1
    m_IndirectOutputScale: 1
    m_AlbedoBoost: 1
    m_EnvironmentLightingMode: 0
    m_EnableBakedLightmaps: 0
    m_EnableRealtimeLightmaps: 0
  m_LightmapEditorSettings:
    serializedVersion: 12
    m_Resolution: 2
    m_BakeResolution: 40
    m_AtlasSize: 1024
    m_AO: 0
    m_AOMaxDistance: 1
    m_CompAOExponent: 1
    m_CompAOExponentDirect: 0
    m_ExtractAmbientOcclusion: 0
    m_Padding: 2
    m_LightmapParameters: {fileID: 0}
    m_LightmapsBakeMode: 1
    m_TextureCompression: 1
    m_FinalGather: 0
    m_FinalGatherFiltering: 1
    m_FinalGatherRayCount: 256
    m_ReflectionCompression: 2
    m_MixedBakeMode: 2
    m_BakeBackend: 0
    m_PVRSampling: 1
    m_PVRDirectSampleCount: 32
    m_PVRSampleCount: 500
    m_PVRBounces: 2
    m_PVREnvironmentSampleCount: 500
    m_PVREnvironmentReferencePointCount: 2048
    m_PVRFilteringMode: 2
    m_PVRDenoiserTypeDirect: 0
    m_PVRDenoiserTypeIndirect: 0
    m_PVRDenoiserTypeAO: 0
    m_PVRFilterTypeDirect: 0
    m_PVRFilterTypeIndirect: 0
    m_PVRFilterTypeAO: 0
    m_PVREnvironmentMIS: 0
    m_PVRCulling: 1
    m_PVRFilteringGaussRadiusDirect: 1
    m_PVRFilteringGaussRadiusIndirect: 5
    m_PVRFilteringGaussRadiusAO: 2
    m_PVRFilteringAtrousPositionSigmaDirect: 0.5
    m_PVRFilteringAtrousPositionSigmaIndirect: 2
    m_PVRFilteringAtrousPositionSigmaAO: 1
    m_ExportTrainingData: 0
    m_TrainingDataDestination: TrainingData
    m_LightProbeSampleCountMultiplier: 4
  m_LightingDataAsset: {fileID: 0}
  m_LightingSettings: {fileID: 0}
--- !u!196 &4
NavMeshSettings:
  serializedVersion: 2
  m_ObjectHideFlags: 0
  m_BuildSettings:
    serializedVersion: 3
    agentTypeID: 0
    agentRadius: 0.5
    agentHeight: 2
    agentSlope: 45
    agentClimb: 0.4
    ledgeDropHeight: 0
    maxJumpAcrossDistance: 0
    minRegionArea: 2
    manualCellSize: 0
    cellSize: 0.16666667
    manualTileSize: 0
    tileSize: 256
    buildHeightMesh: 0
    maxJobWorkers: 0
    preserveTilesOutsideBounds: 0
    debug:
      m_Flags: 0
  m_NavMeshData: {fileID: 0}
--- !u!1001 &14420786
PrefabInstance:
  m_ObjectHideFlags: 0
  serializedVersion: 2
  m_Modification:
    serializedVersion: 3
    m_TransformParent: {fileID: 2145944173}
    m_Modifications:
    - target: {fileID: 2704251256294174371, guid: 78a87a9f834bb6046b68e36c3a9415ec, type: 3}
      propertyPath: m_SizeDelta.x
      value: 15
      objectReference: {fileID: 0}
    - target: {fileID: 2704251256294174371, guid: 78a87a9f834bb6046b68e36c3a9415ec, type: 3}
      propertyPath: m_AnchoredPosition.y
      value: 2
      objectReference: {fileID: 0}
    - target: {fileID: 5716849184576019748, guid: 78a87a9f834bb6046b68e36c3a9415ec, type: 3}
      propertyPath: m_Name
      value: Scroll
      objectReference: {fileID: 0}
    - target: {fileID: 5949336318124593499, guid: 78a87a9f834bb6046b68e36c3a9415ec, type: 3}
      propertyPath: m_text
      value: The cell above you contains a recorder tile. Whatever bumps a recorder
        tile will be recorded, and then when something bumps a playback tile, the
        recording will stop and play back.
      objectReference: {fileID: 0}
    - target: {fileID: 5949336318124593499, guid: 78a87a9f834bb6046b68e36c3a9415ec, type: 3}
      propertyPath: m_fontSize
      value: 0.4
      objectReference: {fileID: 0}
    - target: {fileID: 6591242081626338594, guid: 78a87a9f834bb6046b68e36c3a9415ec, type: 3}
      propertyPath: m_RootOrder
      value: -1
      objectReference: {fileID: 0}
    - target: {fileID: 6591242081626338594, guid: 78a87a9f834bb6046b68e36c3a9415ec, type: 3}
      propertyPath: m_LocalPosition.x
      value: -2
      objectReference: {fileID: 0}
    - target: {fileID: 6591242081626338594, guid: 78a87a9f834bb6046b68e36c3a9415ec, type: 3}
      propertyPath: m_LocalPosition.y
      value: 2
      objectReference: {fileID: 0}
    - target: {fileID: 6591242081626338594, guid: 78a87a9f834bb6046b68e36c3a9415ec, type: 3}
      propertyPath: m_LocalPosition.z
      value: 0
      objectReference: {fileID: 0}
    - target: {fileID: 6591242081626338594, guid: 78a87a9f834bb6046b68e36c3a9415ec, type: 3}
      propertyPath: m_LocalRotation.w
      value: 1
      objectReference: {fileID: 0}
    - target: {fileID: 6591242081626338594, guid: 78a87a9f834bb6046b68e36c3a9415ec, type: 3}
      propertyPath: m_LocalRotation.x
      value: 0
      objectReference: {fileID: 0}
    - target: {fileID: 6591242081626338594, guid: 78a87a9f834bb6046b68e36c3a9415ec, type: 3}
      propertyPath: m_LocalRotation.y
      value: 0
      objectReference: {fileID: 0}
    - target: {fileID: 6591242081626338594, guid: 78a87a9f834bb6046b68e36c3a9415ec, type: 3}
      propertyPath: m_LocalRotation.z
      value: 0
      objectReference: {fileID: 0}
    - target: {fileID: 6591242081626338594, guid: 78a87a9f834bb6046b68e36c3a9415ec, type: 3}
      propertyPath: m_LocalEulerAnglesHint.x
      value: 0
      objectReference: {fileID: 0}
    - target: {fileID: 6591242081626338594, guid: 78a87a9f834bb6046b68e36c3a9415ec, type: 3}
      propertyPath: m_LocalEulerAnglesHint.y
      value: 0
      objectReference: {fileID: 0}
    - target: {fileID: 6591242081626338594, guid: 78a87a9f834bb6046b68e36c3a9415ec, type: 3}
      propertyPath: m_LocalEulerAnglesHint.z
      value: 0
      objectReference: {fileID: 0}
    m_RemovedComponents: []
    m_RemovedGameObjects: []
    m_AddedGameObjects: []
    m_AddedComponents: []
  m_SourcePrefab: {fileID: 100100000, guid: 78a87a9f834bb6046b68e36c3a9415ec, type: 3}
--- !u!4 &14420787 stripped
Transform:
  m_CorrespondingSourceObject: {fileID: 6591242081626338594, guid: 78a87a9f834bb6046b68e36c3a9415ec, type: 3}
  m_PrefabInstance: {fileID: 14420786}
  m_PrefabAsset: {fileID: 0}
--- !u!1001 &16162617
PrefabInstance:
  m_ObjectHideFlags: 0
  serializedVersion: 2
  m_Modification:
    serializedVersion: 3
    m_TransformParent: {fileID: 2145944173}
    m_Modifications:
    - target: {fileID: 2704251256294174371, guid: 78a87a9f834bb6046b68e36c3a9415ec, type: 3}
      propertyPath: m_SizeDelta.x
      value: 27
      objectReference: {fileID: 0}
    - target: {fileID: 2704251256294174371, guid: 78a87a9f834bb6046b68e36c3a9415ec, type: 3}
      propertyPath: m_AnchoredPosition.y
      value: 4
      objectReference: {fileID: 0}
    - target: {fileID: 5716849184576019748, guid: 78a87a9f834bb6046b68e36c3a9415ec, type: 3}
      propertyPath: m_Name
      value: Scroll (1)
      objectReference: {fileID: 0}
    - target: {fileID: 5949336318124593499, guid: 78a87a9f834bb6046b68e36c3a9415ec, type: 3}
      propertyPath: m_text
      value: The cell to your right contains a playback tile which will, once bumped,
        start playing back what you did after you bumped the recorder tile. While
        recordings are playing back there will be a duplicate object that repeats
        the original movements, pausing while its path is blocked. Each recorder
        tile and playback tile can only be used once.
      objectReference: {fileID: 0}
    - target: {fileID: 5949336318124593499, guid: 78a87a9f834bb6046b68e36c3a9415ec, type: 3}
      propertyPath: m_fontSize
      value: 0.3
      objectReference: {fileID: 0}
    - target: {fileID: 6591242081626338594, guid: 78a87a9f834bb6046b68e36c3a9415ec, type: 3}
      propertyPath: m_RootOrder
      value: -1
      objectReference: {fileID: 0}
    - target: {fileID: 6591242081626338594, guid: 78a87a9f834bb6046b68e36c3a9415ec, type: 3}
      propertyPath: m_LocalPosition.x
      value: 1
      objectReference: {fileID: 0}
    - target: {fileID: 6591242081626338594, guid: 78a87a9f834bb6046b68e36c3a9415ec, type: 3}
      propertyPath: m_LocalPosition.y
      value: 0
      objectReference: {fileID: 0}
    - target: {fileID: 6591242081626338594, guid: 78a87a9f834bb6046b68e36c3a9415ec, type: 3}
      propertyPath: m_LocalPosition.z
      value: 0
      objectReference: {fileID: 0}
    - target: {fileID: 6591242081626338594, guid: 78a87a9f834bb6046b68e36c3a9415ec, type: 3}
      propertyPath: m_LocalRotation.w
      value: 1
      objectReference: {fileID: 0}
    - target: {fileID: 6591242081626338594, guid: 78a87a9f834bb6046b68e36c3a9415ec, type: 3}
      propertyPath: m_LocalRotation.x
      value: 0
      objectReference: {fileID: 0}
    - target: {fileID: 6591242081626338594, guid: 78a87a9f834bb6046b68e36c3a9415ec, type: 3}
      propertyPath: m_LocalRotation.y
      value: 0
      objectReference: {fileID: 0}
    - target: {fileID: 6591242081626338594, guid: 78a87a9f834bb6046b68e36c3a9415ec, type: 3}
      propertyPath: m_LocalRotation.z
      value: 0
      objectReference: {fileID: 0}
    - target: {fileID: 6591242081626338594, guid: 78a87a9f834bb6046b68e36c3a9415ec, type: 3}
      propertyPath: m_LocalEulerAnglesHint.x
      value: 0
      objectReference: {fileID: 0}
    - target: {fileID: 6591242081626338594, guid: 78a87a9f834bb6046b68e36c3a9415ec, type: 3}
      propertyPath: m_LocalEulerAnglesHint.y
      value: 0
      objectReference: {fileID: 0}
    - target: {fileID: 6591242081626338594, guid: 78a87a9f834bb6046b68e36c3a9415ec, type: 3}
      propertyPath: m_LocalEulerAnglesHint.z
      value: 0
      objectReference: {fileID: 0}
    m_RemovedComponents: []
    m_RemovedGameObjects: []
    m_AddedGameObjects: []
    m_AddedComponents: []
  m_SourcePrefab: {fileID: 100100000, guid: 78a87a9f834bb6046b68e36c3a9415ec, type: 3}
--- !u!4 &16162618 stripped
Transform:
  m_CorrespondingSourceObject: {fileID: 6591242081626338594, guid: 78a87a9f834bb6046b68e36c3a9415ec, type: 3}
  m_PrefabInstance: {fileID: 16162617}
  m_PrefabAsset: {fileID: 0}
--- !u!1001 &126242015
PrefabInstance:
  m_ObjectHideFlags: 0
  serializedVersion: 2
  m_Modification:
    serializedVersion: 3
    m_TransformParent: {fileID: 2145944173}
    m_Modifications:
    - target: {fileID: 5234425490332279309, guid: f2dd168e9f808354c8da9802c20e6589, type: 3}
      propertyPath: m_Name
      value: Wall (20)
      objectReference: {fileID: 0}
    - target: {fileID: 6320782679942705270, guid: f2dd168e9f808354c8da9802c20e6589, type: 3}
      propertyPath: trs
      value: 
      objectReference: {fileID: 126242016}
    - target: {fileID: 6668412175965637131, guid: f2dd168e9f808354c8da9802c20e6589, type: 3}
      propertyPath: m_RootOrder
      value: -1
      objectReference: {fileID: 0}
    - target: {fileID: 6668412175965637131, guid: f2dd168e9f808354c8da9802c20e6589, type: 3}
      propertyPath: m_LocalPosition.x
      value: 2
      objectReference: {fileID: 0}
    - target: {fileID: 6668412175965637131, guid: f2dd168e9f808354c8da9802c20e6589, type: 3}
      propertyPath: m_LocalPosition.y
      value: -1
      objectReference: {fileID: 0}
    - target: {fileID: 6668412175965637131, guid: f2dd168e9f808354c8da9802c20e6589, type: 3}
      propertyPath: m_LocalPosition.z
      value: 0
      objectReference: {fileID: 0}
    - target: {fileID: 6668412175965637131, guid: f2dd168e9f808354c8da9802c20e6589, type: 3}
      propertyPath: m_LocalRotation.w
      value: 1
      objectReference: {fileID: 0}
    - target: {fileID: 6668412175965637131, guid: f2dd168e9f808354c8da9802c20e6589, type: 3}
      propertyPath: m_LocalRotation.x
      value: -0
      objectReference: {fileID: 0}
    - target: {fileID: 6668412175965637131, guid: f2dd168e9f808354c8da9802c20e6589, type: 3}
      propertyPath: m_LocalRotation.y
      value: -0
      objectReference: {fileID: 0}
    - target: {fileID: 6668412175965637131, guid: f2dd168e9f808354c8da9802c20e6589, type: 3}
      propertyPath: m_LocalRotation.z
      value: -0
      objectReference: {fileID: 0}
    - target: {fileID: 6668412175965637131, guid: f2dd168e9f808354c8da9802c20e6589, type: 3}
      propertyPath: m_LocalEulerAnglesHint.x
      value: 0
      objectReference: {fileID: 0}
    - target: {fileID: 6668412175965637131, guid: f2dd168e9f808354c8da9802c20e6589, type: 3}
      propertyPath: m_LocalEulerAnglesHint.y
      value: 0
      objectReference: {fileID: 0}
    - target: {fileID: 6668412175965637131, guid: f2dd168e9f808354c8da9802c20e6589, type: 3}
      propertyPath: m_LocalEulerAnglesHint.z
      value: 0
      objectReference: {fileID: 0}
    m_RemovedComponents: []
    m_RemovedGameObjects: []
    m_AddedGameObjects: []
    m_AddedComponents: []
  m_SourcePrefab: {fileID: 100100000, guid: f2dd168e9f808354c8da9802c20e6589, type: 3}
--- !u!4 &126242016 stripped
Transform:
  m_CorrespondingSourceObject: {fileID: 6668412175965637131, guid: f2dd168e9f808354c8da9802c20e6589, type: 3}
  m_PrefabInstance: {fileID: 126242015}
  m_PrefabAsset: {fileID: 0}
--- !u!1001 &178283481
PrefabInstance:
  m_ObjectHideFlags: 0
  serializedVersion: 2
  m_Modification:
    serializedVersion: 3
    m_TransformParent: {fileID: 2145944173}
    m_Modifications:
    - target: {fileID: 5234425490332279309, guid: af5c85d76c3c9fe4e8a2bc98288688c0, type: 3}
      propertyPath: m_Name
      value: End
      objectReference: {fileID: 0}
    - target: {fileID: 6668412175965637131, guid: af5c85d76c3c9fe4e8a2bc98288688c0, type: 3}
      propertyPath: m_RootOrder
      value: 0
      objectReference: {fileID: 0}
    - target: {fileID: 6668412175965637131, guid: af5c85d76c3c9fe4e8a2bc98288688c0, type: 3}
      propertyPath: m_LocalPosition.x
      value: 4
      objectReference: {fileID: 0}
    - target: {fileID: 6668412175965637131, guid: af5c85d76c3c9fe4e8a2bc98288688c0, type: 3}
      propertyPath: m_LocalPosition.y
      value: 0
      objectReference: {fileID: 0}
    - target: {fileID: 6668412175965637131, guid: af5c85d76c3c9fe4e8a2bc98288688c0, type: 3}
      propertyPath: m_LocalPosition.z
      value: 0
      objectReference: {fileID: 0}
    - target: {fileID: 6668412175965637131, guid: af5c85d76c3c9fe4e8a2bc98288688c0, type: 3}
      propertyPath: m_LocalRotation.w
      value: 1
      objectReference: {fileID: 0}
    - target: {fileID: 6668412175965637131, guid: af5c85d76c3c9fe4e8a2bc98288688c0, type: 3}
      propertyPath: m_LocalRotation.x
      value: 0
      objectReference: {fileID: 0}
    - target: {fileID: 6668412175965637131, guid: af5c85d76c3c9fe4e8a2bc98288688c0, type: 3}
      propertyPath: m_LocalRotation.y
      value: 0
      objectReference: {fileID: 0}
    - target: {fileID: 6668412175965637131, guid: af5c85d76c3c9fe4e8a2bc98288688c0, type: 3}
      propertyPath: m_LocalRotation.z
      value: 0
      objectReference: {fileID: 0}
    - target: {fileID: 6668412175965637131, guid: af5c85d76c3c9fe4e8a2bc98288688c0, type: 3}
      propertyPath: m_LocalEulerAnglesHint.x
      value: 0
      objectReference: {fileID: 0}
    - target: {fileID: 6668412175965637131, guid: af5c85d76c3c9fe4e8a2bc98288688c0, type: 3}
      propertyPath: m_LocalEulerAnglesHint.y
      value: 0
      objectReference: {fileID: 0}
    - target: {fileID: 6668412175965637131, guid: af5c85d76c3c9fe4e8a2bc98288688c0, type: 3}
      propertyPath: m_LocalEulerAnglesHint.z
      value: 0
      objectReference: {fileID: 0}
    m_RemovedComponents: []
    m_RemovedGameObjects: []
    m_AddedGameObjects: []
    m_AddedComponents: []
  m_SourcePrefab: {fileID: 100100000, guid: af5c85d76c3c9fe4e8a2bc98288688c0, type: 3}
--- !u!4 &178283482 stripped
Transform:
  m_CorrespondingSourceObject: {fileID: 6668412175965637131, guid: af5c85d76c3c9fe4e8a2bc98288688c0, type: 3}
  m_PrefabInstance: {fileID: 178283481}
  m_PrefabAsset: {fileID: 0}
--- !u!1001 &209567189
PrefabInstance:
  m_ObjectHideFlags: 0
  serializedVersion: 2
  m_Modification:
    serializedVersion: 3
    m_TransformParent: {fileID: 2145944173}
    m_Modifications:
    - target: {fileID: 5234425490332279309, guid: f2dd168e9f808354c8da9802c20e6589, type: 3}
      propertyPath: m_Name
      value: Wall (96)
      objectReference: {fileID: 0}
    - target: {fileID: 6320782679942705270, guid: f2dd168e9f808354c8da9802c20e6589, type: 3}
      propertyPath: trs
      value: 
      objectReference: {fileID: 209567190}
    - target: {fileID: 6668412175965637131, guid: f2dd168e9f808354c8da9802c20e6589, type: 3}
      propertyPath: m_RootOrder
      value: -1
      objectReference: {fileID: 0}
    - target: {fileID: 6668412175965637131, guid: f2dd168e9f808354c8da9802c20e6589, type: 3}
      propertyPath: m_LocalPosition.x
      value: 5
      objectReference: {fileID: 0}
    - target: {fileID: 6668412175965637131, guid: f2dd168e9f808354c8da9802c20e6589, type: 3}
      propertyPath: m_LocalPosition.y
      value: 0
      objectReference: {fileID: 0}
    - target: {fileID: 6668412175965637131, guid: f2dd168e9f808354c8da9802c20e6589, type: 3}
      propertyPath: m_LocalPosition.z
      value: 0
      objectReference: {fileID: 0}
    - target: {fileID: 6668412175965637131, guid: f2dd168e9f808354c8da9802c20e6589, type: 3}
      propertyPath: m_LocalRotation.w
      value: 1
      objectReference: {fileID: 0}
    - target: {fileID: 6668412175965637131, guid: f2dd168e9f808354c8da9802c20e6589, type: 3}
      propertyPath: m_LocalRotation.x
      value: -0
      objectReference: {fileID: 0}
    - target: {fileID: 6668412175965637131, guid: f2dd168e9f808354c8da9802c20e6589, type: 3}
      propertyPath: m_LocalRotation.y
      value: -0
      objectReference: {fileID: 0}
    - target: {fileID: 6668412175965637131, guid: f2dd168e9f808354c8da9802c20e6589, type: 3}
      propertyPath: m_LocalRotation.z
      value: -0
      objectReference: {fileID: 0}
    - target: {fileID: 6668412175965637131, guid: f2dd168e9f808354c8da9802c20e6589, type: 3}
      propertyPath: m_LocalEulerAnglesHint.x
      value: 0
      objectReference: {fileID: 0}
    - target: {fileID: 6668412175965637131, guid: f2dd168e9f808354c8da9802c20e6589, type: 3}
      propertyPath: m_LocalEulerAnglesHint.y
      value: 0
      objectReference: {fileID: 0}
    - target: {fileID: 6668412175965637131, guid: f2dd168e9f808354c8da9802c20e6589, type: 3}
      propertyPath: m_LocalEulerAnglesHint.z
      value: 0
      objectReference: {fileID: 0}
    m_RemovedComponents: []
    m_RemovedGameObjects: []
    m_AddedGameObjects: []
    m_AddedComponents: []
  m_SourcePrefab: {fileID: 100100000, guid: f2dd168e9f808354c8da9802c20e6589, type: 3}
--- !u!4 &209567190 stripped
Transform:
  m_CorrespondingSourceObject: {fileID: 6668412175965637131, guid: f2dd168e9f808354c8da9802c20e6589, type: 3}
  m_PrefabInstance: {fileID: 209567189}
  m_PrefabAsset: {fileID: 0}
--- !u!1001 &289499000
PrefabInstance:
  m_ObjectHideFlags: 0
  serializedVersion: 2
  m_Modification:
    serializedVersion: 3
    m_TransformParent: {fileID: 2145944173}
    m_Modifications:
    - target: {fileID: 5234425490332279309, guid: 4bee5c0859ff755498303e11648156f2, type: 3}
      propertyPath: m_Name
      value: Playback Tile (1)
      objectReference: {fileID: 0}
    - target: {fileID: 6668412175965637131, guid: 4bee5c0859ff755498303e11648156f2, type: 3}
      propertyPath: m_RootOrder
      value: -1
      objectReference: {fileID: 0}
    - target: {fileID: 6668412175965637131, guid: 4bee5c0859ff755498303e11648156f2, type: 3}
      propertyPath: m_LocalPosition.x
      value: 2
      objectReference: {fileID: 0}
    - target: {fileID: 6668412175965637131, guid: 4bee5c0859ff755498303e11648156f2, type: 3}
      propertyPath: m_LocalPosition.y
      value: 0
      objectReference: {fileID: 0}
    - target: {fileID: 6668412175965637131, guid: 4bee5c0859ff755498303e11648156f2, type: 3}
      propertyPath: m_LocalPosition.z
      value: 0
      objectReference: {fileID: 0}
    - target: {fileID: 6668412175965637131, guid: 4bee5c0859ff755498303e11648156f2, type: 3}
      propertyPath: m_LocalRotation.w
      value: 1
      objectReference: {fileID: 0}
    - target: {fileID: 6668412175965637131, guid: 4bee5c0859ff755498303e11648156f2, type: 3}
      propertyPath: m_LocalRotation.x
      value: 0
      objectReference: {fileID: 0}
    - target: {fileID: 6668412175965637131, guid: 4bee5c0859ff755498303e11648156f2, type: 3}
      propertyPath: m_LocalRotation.y
      value: 0
      objectReference: {fileID: 0}
    - target: {fileID: 6668412175965637131, guid: 4bee5c0859ff755498303e11648156f2, type: 3}
      propertyPath: m_LocalRotation.z
      value: 0
      objectReference: {fileID: 0}
    - target: {fileID: 6668412175965637131, guid: 4bee5c0859ff755498303e11648156f2, type: 3}
      propertyPath: m_LocalEulerAnglesHint.x
      value: 0
      objectReference: {fileID: 0}
    - target: {fileID: 6668412175965637131, guid: 4bee5c0859ff755498303e11648156f2, type: 3}
      propertyPath: m_LocalEulerAnglesHint.y
      value: 0
      objectReference: {fileID: 0}
    - target: {fileID: 6668412175965637131, guid: 4bee5c0859ff755498303e11648156f2, type: 3}
      propertyPath: m_LocalEulerAnglesHint.z
      value: 0
      objectReference: {fileID: 0}
    m_RemovedComponents: []
    m_RemovedGameObjects: []
    m_AddedGameObjects: []
    m_AddedComponents: []
  m_SourcePrefab: {fileID: 100100000, guid: 4bee5c0859ff755498303e11648156f2, type: 3}
--- !u!4 &289499001 stripped
Transform:
  m_CorrespondingSourceObject: {fileID: 6668412175965637131, guid: 4bee5c0859ff755498303e11648156f2, type: 3}
  m_PrefabInstance: {fileID: 289499000}
  m_PrefabAsset: {fileID: 0}
--- !u!1001 &359852598
PrefabInstance:
  m_ObjectHideFlags: 0
  serializedVersion: 2
  m_Modification:
    serializedVersion: 3
    m_TransformParent: {fileID: 2145944173}
    m_Modifications:
    - target: {fileID: 5234425490332279309, guid: f2dd168e9f808354c8da9802c20e6589, type: 3}
      propertyPath: m_Name
      value: Wall (18)
      objectReference: {fileID: 0}
    - target: {fileID: 6320782679942705270, guid: f2dd168e9f808354c8da9802c20e6589, type: 3}
      propertyPath: trs
      value: 
      objectReference: {fileID: 359852599}
    - target: {fileID: 6668412175965637131, guid: f2dd168e9f808354c8da9802c20e6589, type: 3}
      propertyPath: m_RootOrder
      value: -1
      objectReference: {fileID: 0}
    - target: {fileID: 6668412175965637131, guid: f2dd168e9f808354c8da9802c20e6589, type: 3}
      propertyPath: m_LocalPosition.x
      value: 1
      objectReference: {fileID: 0}
    - target: {fileID: 6668412175965637131, guid: f2dd168e9f808354c8da9802c20e6589, type: 3}
      propertyPath: m_LocalPosition.y
      value: -1
      objectReference: {fileID: 0}
    - target: {fileID: 6668412175965637131, guid: f2dd168e9f808354c8da9802c20e6589, type: 3}
      propertyPath: m_LocalPosition.z
      value: 0
      objectReference: {fileID: 0}
    - target: {fileID: 6668412175965637131, guid: f2dd168e9f808354c8da9802c20e6589, type: 3}
      propertyPath: m_LocalRotation.w
      value: 1
      objectReference: {fileID: 0}
    - target: {fileID: 6668412175965637131, guid: f2dd168e9f808354c8da9802c20e6589, type: 3}
      propertyPath: m_LocalRotation.x
      value: -0
      objectReference: {fileID: 0}
    - target: {fileID: 6668412175965637131, guid: f2dd168e9f808354c8da9802c20e6589, type: 3}
      propertyPath: m_LocalRotation.y
      value: -0
      objectReference: {fileID: 0}
    - target: {fileID: 6668412175965637131, guid: f2dd168e9f808354c8da9802c20e6589, type: 3}
      propertyPath: m_LocalRotation.z
      value: -0
      objectReference: {fileID: 0}
    - target: {fileID: 6668412175965637131, guid: f2dd168e9f808354c8da9802c20e6589, type: 3}
      propertyPath: m_LocalEulerAnglesHint.x
      value: 0
      objectReference: {fileID: 0}
    - target: {fileID: 6668412175965637131, guid: f2dd168e9f808354c8da9802c20e6589, type: 3}
      propertyPath: m_LocalEulerAnglesHint.y
      value: 0
      objectReference: {fileID: 0}
    - target: {fileID: 6668412175965637131, guid: f2dd168e9f808354c8da9802c20e6589, type: 3}
      propertyPath: m_LocalEulerAnglesHint.z
      value: 0
      objectReference: {fileID: 0}
    m_RemovedComponents: []
    m_RemovedGameObjects: []
    m_AddedGameObjects: []
    m_AddedComponents: []
  m_SourcePrefab: {fileID: 100100000, guid: f2dd168e9f808354c8da9802c20e6589, type: 3}
--- !u!4 &359852599 stripped
Transform:
  m_CorrespondingSourceObject: {fileID: 6668412175965637131, guid: f2dd168e9f808354c8da9802c20e6589, type: 3}
  m_PrefabInstance: {fileID: 359852598}
  m_PrefabAsset: {fileID: 0}
--- !u!1001 &613687611
PrefabInstance:
  m_ObjectHideFlags: 0
  serializedVersion: 2
  m_Modification:
    serializedVersion: 3
    m_TransformParent: {fileID: 2145944173}
    m_Modifications:
    - target: {fileID: 1394863023538392608, guid: 46515e6d8ad682a408beaa53ad93c36f, type: 3}
      propertyPath: m_Positions.Array.data[0].x
      value: 0
      objectReference: {fileID: 0}
    - target: {fileID: 1394863023538392608, guid: 46515e6d8ad682a408beaa53ad93c36f, type: 3}
      propertyPath: m_Positions.Array.data[0].y
      value: 0
      objectReference: {fileID: 0}
    - target: {fileID: 1394863023538392608, guid: 46515e6d8ad682a408beaa53ad93c36f, type: 3}
      propertyPath: m_Positions.Array.data[1].x
      value: 0
      objectReference: {fileID: 0}
    - target: {fileID: 1394863023538392608, guid: 46515e6d8ad682a408beaa53ad93c36f, type: 3}
      propertyPath: m_Positions.Array.data[1].y
      value: 3
      objectReference: {fileID: 0}
    - target: {fileID: 4966862752854015641, guid: 46515e6d8ad682a408beaa53ad93c36f, type: 3}
      propertyPath: teleportTo
      value: 
      objectReference: {fileID: 2086975794}
    - target: {fileID: 5234425490332279309, guid: 46515e6d8ad682a408beaa53ad93c36f, type: 3}
      propertyPath: m_Name
      value: Portal (2)
      objectReference: {fileID: 0}
    - target: {fileID: 6668412175965637131, guid: 46515e6d8ad682a408beaa53ad93c36f, type: 3}
      propertyPath: m_RootOrder
      value: -1
      objectReference: {fileID: 0}
    - target: {fileID: 6668412175965637131, guid: 46515e6d8ad682a408beaa53ad93c36f, type: 3}
      propertyPath: m_LocalPosition.x
      value: 0
      objectReference: {fileID: 0}
    - target: {fileID: 6668412175965637131, guid: 46515e6d8ad682a408beaa53ad93c36f, type: 3}
      propertyPath: m_LocalPosition.y
      value: 0
      objectReference: {fileID: 0}
    - target: {fileID: 6668412175965637131, guid: 46515e6d8ad682a408beaa53ad93c36f, type: 3}
      propertyPath: m_LocalPosition.z
      value: 0
      objectReference: {fileID: 0}
    - target: {fileID: 6668412175965637131, guid: 46515e6d8ad682a408beaa53ad93c36f, type: 3}
      propertyPath: m_LocalRotation.w
      value: 1
      objectReference: {fileID: 0}
    - target: {fileID: 6668412175965637131, guid: 46515e6d8ad682a408beaa53ad93c36f, type: 3}
      propertyPath: m_LocalRotation.x
      value: -0
      objectReference: {fileID: 0}
    - target: {fileID: 6668412175965637131, guid: 46515e6d8ad682a408beaa53ad93c36f, type: 3}
      propertyPath: m_LocalRotation.y
      value: -0
      objectReference: {fileID: 0}
    - target: {fileID: 6668412175965637131, guid: 46515e6d8ad682a408beaa53ad93c36f, type: 3}
      propertyPath: m_LocalRotation.z
      value: -0
      objectReference: {fileID: 0}
    - target: {fileID: 6668412175965637131, guid: 46515e6d8ad682a408beaa53ad93c36f, type: 3}
      propertyPath: m_LocalEulerAnglesHint.x
      value: 0
      objectReference: {fileID: 0}
    - target: {fileID: 6668412175965637131, guid: 46515e6d8ad682a408beaa53ad93c36f, type: 3}
      propertyPath: m_LocalEulerAnglesHint.y
      value: 0
      objectReference: {fileID: 0}
    - target: {fileID: 6668412175965637131, guid: 46515e6d8ad682a408beaa53ad93c36f, type: 3}
      propertyPath: m_LocalEulerAnglesHint.z
      value: 0
      objectReference: {fileID: 0}
    m_RemovedComponents: []
    m_RemovedGameObjects: []
    m_AddedGameObjects: []
    m_AddedComponents: []
  m_SourcePrefab: {fileID: 100100000, guid: 46515e6d8ad682a408beaa53ad93c36f, type: 3}
--- !u!114 &613687612 stripped
MonoBehaviour:
  m_CorrespondingSourceObject: {fileID: 4966862752854015641, guid: 46515e6d8ad682a408beaa53ad93c36f, type: 3}
  m_PrefabInstance: {fileID: 613687611}
  m_PrefabAsset: {fileID: 0}
  m_GameObject: {fileID: 0}
  m_Enabled: 1
  m_EditorHideFlags: 0
  m_Script: {fileID: 11500000, guid: 3252d0bab187ca34a937230b17453d17, type: 3}
  m_Name: 
  m_EditorClassIdentifier: 
--- !u!4 &613687613 stripped
Transform:
  m_CorrespondingSourceObject: {fileID: 6668412175965637131, guid: 46515e6d8ad682a408beaa53ad93c36f, type: 3}
  m_PrefabInstance: {fileID: 613687611}
  m_PrefabAsset: {fileID: 0}
--- !u!1001 &691160205
PrefabInstance:
  m_ObjectHideFlags: 0
  serializedVersion: 2
  m_Modification:
    serializedVersion: 3
    m_TransformParent: {fileID: 2145944173}
    m_Modifications:
    - target: {fileID: 2001939604809600228, guid: 3f739463b4a73c04aac223cbe044a06d, type: 3}
      propertyPath: m_DrawMode
      value: 0
      objectReference: {fileID: 0}
    - target: {fileID: 2001939604809600228, guid: 3f739463b4a73c04aac223cbe044a06d, type: 3}
      propertyPath: m_SortingLayer
      value: 1
      objectReference: {fileID: 0}
    - target: {fileID: 4083111784238429732, guid: 3f739463b4a73c04aac223cbe044a06d, type: 3}
      propertyPath: m_RenderPostProcessing
      value: 1
      objectReference: {fileID: 0}
    - target: {fileID: 5234425490332279309, guid: 3f739463b4a73c04aac223cbe044a06d, type: 3}
      propertyPath: m_Name
      value: Player
      objectReference: {fileID: 0}
    - target: {fileID: 6668412175965637131, guid: 3f739463b4a73c04aac223cbe044a06d, type: 3}
      propertyPath: m_RootOrder
      value: -1
      objectReference: {fileID: 0}
    - target: {fileID: 6668412175965637131, guid: 3f739463b4a73c04aac223cbe044a06d, type: 3}
      propertyPath: m_LocalPosition.x
      value: -4
      objectReference: {fileID: 0}
    - target: {fileID: 6668412175965637131, guid: 3f739463b4a73c04aac223cbe044a06d, type: 3}
      propertyPath: m_LocalPosition.y
      value: 2
      objectReference: {fileID: 0}
    - target: {fileID: 6668412175965637131, guid: 3f739463b4a73c04aac223cbe044a06d, type: 3}
      propertyPath: m_LocalPosition.z
      value: 0
      objectReference: {fileID: 0}
    - target: {fileID: 6668412175965637131, guid: 3f739463b4a73c04aac223cbe044a06d, type: 3}
      propertyPath: m_LocalRotation.w
      value: 1
      objectReference: {fileID: 0}
    - target: {fileID: 6668412175965637131, guid: 3f739463b4a73c04aac223cbe044a06d, type: 3}
      propertyPath: m_LocalRotation.x
      value: -0
      objectReference: {fileID: 0}
    - target: {fileID: 6668412175965637131, guid: 3f739463b4a73c04aac223cbe044a06d, type: 3}
      propertyPath: m_LocalRotation.y
      value: -0
      objectReference: {fileID: 0}
    - target: {fileID: 6668412175965637131, guid: 3f739463b4a73c04aac223cbe044a06d, type: 3}
      propertyPath: m_LocalRotation.z
      value: -0
      objectReference: {fileID: 0}
    - target: {fileID: 6668412175965637131, guid: 3f739463b4a73c04aac223cbe044a06d, type: 3}
      propertyPath: m_LocalEulerAnglesHint.x
      value: 0
      objectReference: {fileID: 0}
    - target: {fileID: 6668412175965637131, guid: 3f739463b4a73c04aac223cbe044a06d, type: 3}
      propertyPath: m_LocalEulerAnglesHint.y
      value: 0
      objectReference: {fileID: 0}
    - target: {fileID: 6668412175965637131, guid: 3f739463b4a73c04aac223cbe044a06d, type: 3}
      propertyPath: m_LocalEulerAnglesHint.z
      value: 0
      objectReference: {fileID: 0}
    m_RemovedComponents: []
    m_RemovedGameObjects: []
    m_AddedGameObjects: []
    m_AddedComponents: []
  m_SourcePrefab: {fileID: 100100000, guid: 3f739463b4a73c04aac223cbe044a06d, type: 3}
--- !u!1001 &729147464
PrefabInstance:
  m_ObjectHideFlags: 0
  serializedVersion: 2
  m_Modification:
    serializedVersion: 3
    m_TransformParent: {fileID: 2145944173}
    m_Modifications:
    - target: {fileID: 5234425490332279309, guid: 7c701dd1bfd563640a5e8ce5cc80268c, type: 3}
      propertyPath: m_Name
      value: Recorder Tile (1)
      objectReference: {fileID: 0}
    - target: {fileID: 6668412175965637131, guid: 7c701dd1bfd563640a5e8ce5cc80268c, type: 3}
      propertyPath: m_RootOrder
      value: -1
      objectReference: {fileID: 0}
    - target: {fileID: 6668412175965637131, guid: 7c701dd1bfd563640a5e8ce5cc80268c, type: 3}
      propertyPath: m_LocalPosition.x
      value: -2
      objectReference: {fileID: 0}
    - target: {fileID: 6668412175965637131, guid: 7c701dd1bfd563640a5e8ce5cc80268c, type: 3}
      propertyPath: m_LocalPosition.y
      value: 3
      objectReference: {fileID: 0}
    - target: {fileID: 6668412175965637131, guid: 7c701dd1bfd563640a5e8ce5cc80268c, type: 3}
      propertyPath: m_LocalPosition.z
      value: 0
      objectReference: {fileID: 0}
    - target: {fileID: 6668412175965637131, guid: 7c701dd1bfd563640a5e8ce5cc80268c, type: 3}
      propertyPath: m_LocalRotation.w
      value: 1
      objectReference: {fileID: 0}
    - target: {fileID: 6668412175965637131, guid: 7c701dd1bfd563640a5e8ce5cc80268c, type: 3}
      propertyPath: m_LocalRotation.x
      value: 0
      objectReference: {fileID: 0}
    - target: {fileID: 6668412175965637131, guid: 7c701dd1bfd563640a5e8ce5cc80268c, type: 3}
      propertyPath: m_LocalRotation.y
      value: 0
      objectReference: {fileID: 0}
    - target: {fileID: 6668412175965637131, guid: 7c701dd1bfd563640a5e8ce5cc80268c, type: 3}
      propertyPath: m_LocalRotation.z
      value: 0
      objectReference: {fileID: 0}
    - target: {fileID: 6668412175965637131, guid: 7c701dd1bfd563640a5e8ce5cc80268c, type: 3}
      propertyPath: m_LocalEulerAnglesHint.x
      value: 0
      objectReference: {fileID: 0}
    - target: {fileID: 6668412175965637131, guid: 7c701dd1bfd563640a5e8ce5cc80268c, type: 3}
      propertyPath: m_LocalEulerAnglesHint.y
      value: 0
      objectReference: {fileID: 0}
    - target: {fileID: 6668412175965637131, guid: 7c701dd1bfd563640a5e8ce5cc80268c, type: 3}
      propertyPath: m_LocalEulerAnglesHint.z
      value: 0
      objectReference: {fileID: 0}
    m_RemovedComponents: []
    m_RemovedGameObjects: []
    m_AddedGameObjects: []
    m_AddedComponents: []
  m_SourcePrefab: {fileID: 100100000, guid: 7c701dd1bfd563640a5e8ce5cc80268c, type: 3}
--- !u!4 &729147465 stripped
Transform:
  m_CorrespondingSourceObject: {fileID: 6668412175965637131, guid: 7c701dd1bfd563640a5e8ce5cc80268c, type: 3}
  m_PrefabInstance: {fileID: 729147464}
  m_PrefabAsset: {fileID: 0}
--- !u!1001 &824737740
PrefabInstance:
  m_ObjectHideFlags: 0
  serializedVersion: 2
  m_Modification:
    serializedVersion: 3
    m_TransformParent: {fileID: 0}
    m_Modifications:
    - target: {fileID: 6526445825394902505, guid: cad553b814f65fa41a7453251a97f08d, type: 3}
      propertyPath: acterNamesDict.values.Array.data[0]
      value: 
      objectReference: {fileID: 0}
    - target: {fileID: 6526445825394902505, guid: cad553b814f65fa41a7453251a97f08d, type: 3}
      propertyPath: acterNamesDict.values.Array.data[1]
      value: 
      objectReference: {fileID: 0}
    - target: {fileID: 6526445825394902505, guid: cad553b814f65fa41a7453251a97f08d, type: 3}
      propertyPath: acterNamesDict.values.Array.data[2]
      value: 
      objectReference: {fileID: 0}
    - target: {fileID: 6526445825394902505, guid: cad553b814f65fa41a7453251a97f08d, type: 3}
      propertyPath: acterNamesDict.values.Array.data[3]
      value: 
      objectReference: {fileID: 0}
    - target: {fileID: 6526445825394902505, guid: cad553b814f65fa41a7453251a97f08d, type: 3}
      propertyPath: acterNamesDict.values.Array.data[4]
      value: 
      objectReference: {fileID: 0}
    - target: {fileID: 6526445825394902505, guid: cad553b814f65fa41a7453251a97f08d, type: 3}
      propertyPath: acterNamesDict.values.Array.data[5]
      value: 
      objectReference: {fileID: 0}
    - target: {fileID: 6526445825394902505, guid: cad553b814f65fa41a7453251a97f08d, type: 3}
      propertyPath: acterNamesDict.values.Array.data[6]
      value: 
      objectReference: {fileID: 0}
    - target: {fileID: 6526445825394902505, guid: cad553b814f65fa41a7453251a97f08d, type: 3}
      propertyPath: acterNamesDict.values.Array.data[7]
      value: 
      objectReference: {fileID: 0}
    - target: {fileID: 6526445825394902505, guid: cad553b814f65fa41a7453251a97f08d, type: 3}
      propertyPath: acterNamesDict.values.Array.data[8]
      value: 
      objectReference: {fileID: 0}
    - target: {fileID: 6526445825394902505, guid: cad553b814f65fa41a7453251a97f08d, type: 3}
      propertyPath: acterNamesDict.values.Array.data[9]
      value: 
      objectReference: {fileID: 0}
    - target: {fileID: 6526445825394902505, guid: cad553b814f65fa41a7453251a97f08d, type: 3}
      propertyPath: acterNamesDict.values.Array.data[10]
      value: 
      objectReference: {fileID: 0}
    - target: {fileID: 6526445825394902505, guid: cad553b814f65fa41a7453251a97f08d, type: 3}
      propertyPath: acterNamesDict.values.Array.data[11]
      value: 
      objectReference: {fileID: 0}
    - target: {fileID: 6526445825394902505, guid: cad553b814f65fa41a7453251a97f08d, type: 3}
      propertyPath: acterNamesDict.values.Array.data[12]
      value: 
      objectReference: {fileID: 0}
    - target: {fileID: 6526445825394902505, guid: cad553b814f65fa41a7453251a97f08d, type: 3}
      propertyPath: acterNamesDict.values.Array.data[13]
      value: 
      objectReference: {fileID: 0}
    - target: {fileID: 6526445825394902505, guid: cad553b814f65fa41a7453251a97f08d, type: 3}
      propertyPath: acterNamesDict.values.Array.data[14]
      value: 
      objectReference: {fileID: 961722791}
    - target: {fileID: 6526445825394902505, guid: cad553b814f65fa41a7453251a97f08d, type: 3}
      propertyPath: acterNamesDict.values.Array.data[15]
      value: 
      objectReference: {fileID: 0}
    - target: {fileID: 6526445825394902505, guid: cad553b814f65fa41a7453251a97f08d, type: 3}
      propertyPath: acterNamesDict.values.Array.data[16]
      value: 
      objectReference: {fileID: 0}
    - target: {fileID: 6526445825394902505, guid: cad553b814f65fa41a7453251a97f08d, type: 3}
      propertyPath: acterNamesDict.values.Array.data[17]
      value: 
      objectReference: {fileID: 0}
    - target: {fileID: 6526445825394902505, guid: cad553b814f65fa41a7453251a97f08d, type: 3}
      propertyPath: acterNamesDict.values.Array.data[18]
      value: 
      objectReference: {fileID: 0}
    - target: {fileID: 6891696328769607375, guid: cad553b814f65fa41a7453251a97f08d, type: 3}
      propertyPath: m_RootOrder
      value: 0
      objectReference: {fileID: 0}
    - target: {fileID: 6891696328769607375, guid: cad553b814f65fa41a7453251a97f08d, type: 3}
      propertyPath: m_LocalPosition.x
      value: 0
      objectReference: {fileID: 0}
    - target: {fileID: 6891696328769607375, guid: cad553b814f65fa41a7453251a97f08d, type: 3}
      propertyPath: m_LocalPosition.y
      value: 0
      objectReference: {fileID: 0}
    - target: {fileID: 6891696328769607375, guid: cad553b814f65fa41a7453251a97f08d, type: 3}
      propertyPath: m_LocalPosition.z
      value: 0
      objectReference: {fileID: 0}
    - target: {fileID: 6891696328769607375, guid: cad553b814f65fa41a7453251a97f08d, type: 3}
      propertyPath: m_LocalRotation.w
      value: 1
      objectReference: {fileID: 0}
    - target: {fileID: 6891696328769607375, guid: cad553b814f65fa41a7453251a97f08d, type: 3}
      propertyPath: m_LocalRotation.x
      value: 0
      objectReference: {fileID: 0}
    - target: {fileID: 6891696328769607375, guid: cad553b814f65fa41a7453251a97f08d, type: 3}
      propertyPath: m_LocalRotation.y
      value: 0
      objectReference: {fileID: 0}
    - target: {fileID: 6891696328769607375, guid: cad553b814f65fa41a7453251a97f08d, type: 3}
      propertyPath: m_LocalRotation.z
      value: 0
      objectReference: {fileID: 0}
    - target: {fileID: 6891696328769607375, guid: cad553b814f65fa41a7453251a97f08d, type: 3}
      propertyPath: m_LocalEulerAnglesHint.x
      value: 0
      objectReference: {fileID: 0}
    - target: {fileID: 6891696328769607375, guid: cad553b814f65fa41a7453251a97f08d, type: 3}
      propertyPath: m_LocalEulerAnglesHint.y
      value: 0
      objectReference: {fileID: 0}
    - target: {fileID: 6891696328769607375, guid: cad553b814f65fa41a7453251a97f08d, type: 3}
      propertyPath: m_LocalEulerAnglesHint.z
      value: 0
      objectReference: {fileID: 0}
    - target: {fileID: 7013743216675466472, guid: cad553b814f65fa41a7453251a97f08d, type: 3}
      propertyPath: m_Name
      value: Game Manager
      objectReference: {fileID: 0}
    m_RemovedComponents: []
    m_RemovedGameObjects: []
    m_AddedGameObjects: []
    m_AddedComponents: []
  m_SourcePrefab: {fileID: 100100000, guid: cad553b814f65fa41a7453251a97f08d, type: 3}
--- !u!1001 &944369087
PrefabInstance:
  m_ObjectHideFlags: 0
  serializedVersion: 2
  m_Modification:
    serializedVersion: 3
    m_TransformParent: {fileID: 2145944173}
    m_Modifications:
    - target: {fileID: 5234425490332279309, guid: f2dd168e9f808354c8da9802c20e6589, type: 3}
      propertyPath: m_Name
      value: Wall (13)
      objectReference: {fileID: 0}
    - target: {fileID: 6320782679942705270, guid: f2dd168e9f808354c8da9802c20e6589, type: 3}
      propertyPath: trs
      value: 
      objectReference: {fileID: 944369088}
    - target: {fileID: 6668412175965637131, guid: f2dd168e9f808354c8da9802c20e6589, type: 3}
      propertyPath: m_RootOrder
      value: -1
      objectReference: {fileID: 0}
    - target: {fileID: 6668412175965637131, guid: f2dd168e9f808354c8da9802c20e6589, type: 3}
      propertyPath: m_LocalPosition.x
      value: -1
      objectReference: {fileID: 0}
    - target: {fileID: 6668412175965637131, guid: f2dd168e9f808354c8da9802c20e6589, type: 3}
      propertyPath: m_LocalPosition.y
      value: 1
      objectReference: {fileID: 0}
    - target: {fileID: 6668412175965637131, guid: f2dd168e9f808354c8da9802c20e6589, type: 3}
      propertyPath: m_LocalPosition.z
      value: 0
      objectReference: {fileID: 0}
    - target: {fileID: 6668412175965637131, guid: f2dd168e9f808354c8da9802c20e6589, type: 3}
      propertyPath: m_LocalRotation.w
      value: 1
      objectReference: {fileID: 0}
    - target: {fileID: 6668412175965637131, guid: f2dd168e9f808354c8da9802c20e6589, type: 3}
      propertyPath: m_LocalRotation.x
      value: -0
      objectReference: {fileID: 0}
    - target: {fileID: 6668412175965637131, guid: f2dd168e9f808354c8da9802c20e6589, type: 3}
      propertyPath: m_LocalRotation.y
      value: -0
      objectReference: {fileID: 0}
    - target: {fileID: 6668412175965637131, guid: f2dd168e9f808354c8da9802c20e6589, type: 3}
      propertyPath: m_LocalRotation.z
      value: -0
      objectReference: {fileID: 0}
    - target: {fileID: 6668412175965637131, guid: f2dd168e9f808354c8da9802c20e6589, type: 3}
      propertyPath: m_LocalEulerAnglesHint.x
      value: 0
      objectReference: {fileID: 0}
    - target: {fileID: 6668412175965637131, guid: f2dd168e9f808354c8da9802c20e6589, type: 3}
      propertyPath: m_LocalEulerAnglesHint.y
      value: 0
      objectReference: {fileID: 0}
    - target: {fileID: 6668412175965637131, guid: f2dd168e9f808354c8da9802c20e6589, type: 3}
      propertyPath: m_LocalEulerAnglesHint.z
      value: 0
      objectReference: {fileID: 0}
    m_RemovedComponents: []
    m_RemovedGameObjects: []
    m_AddedGameObjects: []
    m_AddedComponents: []
  m_SourcePrefab: {fileID: 100100000, guid: f2dd168e9f808354c8da9802c20e6589, type: 3}
--- !u!4 &944369088 stripped
Transform:
  m_CorrespondingSourceObject: {fileID: 6668412175965637131, guid: f2dd168e9f808354c8da9802c20e6589, type: 3}
  m_PrefabInstance: {fileID: 944369087}
  m_PrefabAsset: {fileID: 0}
--- !u!4 &961722788 stripped
Transform:
  m_CorrespondingSourceObject: {fileID: 6668412175965637131, guid: 3f739463b4a73c04aac223cbe044a06d, type: 3}
  m_PrefabInstance: {fileID: 691160205}
  m_PrefabAsset: {fileID: 0}
--- !u!114 &961722791 stripped
MonoBehaviour:
  m_CorrespondingSourceObject: {fileID: 3409211781023938621, guid: 3f739463b4a73c04aac223cbe044a06d, type: 3}
  m_PrefabInstance: {fileID: 691160205}
  m_PrefabAsset: {fileID: 0}
  m_GameObject: {fileID: 0}
  m_Enabled: 1
  m_EditorHideFlags: 0
  m_Script: {fileID: 11500000, guid: 2780581258339f844bfa25475e364df4, type: 3}
  m_Name: 
  m_EditorClassIdentifier: 
--- !u!1001 &1229305311
PrefabInstance:
  m_ObjectHideFlags: 0
  serializedVersion: 2
  m_Modification:
    serializedVersion: 3
    m_TransformParent: {fileID: 2145944173}
    m_Modifications:
    - target: {fileID: 5234425490332279309, guid: f2dd168e9f808354c8da9802c20e6589, type: 3}
      propertyPath: m_Name
      value: Wall (24)
      objectReference: {fileID: 0}
    - target: {fileID: 6320782679942705270, guid: f2dd168e9f808354c8da9802c20e6589, type: 3}
      propertyPath: trs
      value: 
      objectReference: {fileID: 1229305312}
    - target: {fileID: 6668412175965637131, guid: f2dd168e9f808354c8da9802c20e6589, type: 3}
      propertyPath: m_RootOrder
      value: -1
      objectReference: {fileID: 0}
    - target: {fileID: 6668412175965637131, guid: f2dd168e9f808354c8da9802c20e6589, type: 3}
      propertyPath: m_LocalPosition.x
      value: -4
      objectReference: {fileID: 0}
    - target: {fileID: 6668412175965637131, guid: f2dd168e9f808354c8da9802c20e6589, type: 3}
      propertyPath: m_LocalPosition.y
      value: 1
      objectReference: {fileID: 0}
    - target: {fileID: 6668412175965637131, guid: f2dd168e9f808354c8da9802c20e6589, type: 3}
      propertyPath: m_LocalPosition.z
      value: 0
      objectReference: {fileID: 0}
    - target: {fileID: 6668412175965637131, guid: f2dd168e9f808354c8da9802c20e6589, type: 3}
      propertyPath: m_LocalRotation.w
      value: 1
      objectReference: {fileID: 0}
    - target: {fileID: 6668412175965637131, guid: f2dd168e9f808354c8da9802c20e6589, type: 3}
      propertyPath: m_LocalRotation.x
      value: -0
      objectReference: {fileID: 0}
    - target: {fileID: 6668412175965637131, guid: f2dd168e9f808354c8da9802c20e6589, type: 3}
      propertyPath: m_LocalRotation.y
      value: -0
      objectReference: {fileID: 0}
    - target: {fileID: 6668412175965637131, guid: f2dd168e9f808354c8da9802c20e6589, type: 3}
      propertyPath: m_LocalRotation.z
      value: -0
      objectReference: {fileID: 0}
    - target: {fileID: 6668412175965637131, guid: f2dd168e9f808354c8da9802c20e6589, type: 3}
      propertyPath: m_LocalEulerAnglesHint.x
      value: 0
      objectReference: {fileID: 0}
    - target: {fileID: 6668412175965637131, guid: f2dd168e9f808354c8da9802c20e6589, type: 3}
      propertyPath: m_LocalEulerAnglesHint.y
      value: 0
      objectReference: {fileID: 0}
    - target: {fileID: 6668412175965637131, guid: f2dd168e9f808354c8da9802c20e6589, type: 3}
      propertyPath: m_LocalEulerAnglesHint.z
      value: 0
      objectReference: {fileID: 0}
    m_RemovedComponents: []
    m_RemovedGameObjects: []
    m_AddedGameObjects: []
    m_AddedComponents: []
  m_SourcePrefab: {fileID: 100100000, guid: f2dd168e9f808354c8da9802c20e6589, type: 3}
--- !u!4 &1229305312 stripped
Transform:
  m_CorrespondingSourceObject: {fileID: 6668412175965637131, guid: f2dd168e9f808354c8da9802c20e6589, type: 3}
  m_PrefabInstance: {fileID: 1229305311}
  m_PrefabAsset: {fileID: 0}
--- !u!1001 &1501514862
PrefabInstance:
  m_ObjectHideFlags: 0
  serializedVersion: 2
  m_Modification:
    serializedVersion: 3
    m_TransformParent: {fileID: 2145944173}
    m_Modifications:
    - target: {fileID: 5234425490332279309, guid: f2dd168e9f808354c8da9802c20e6589, type: 3}
      propertyPath: m_Name
      value: Wall (21)
      objectReference: {fileID: 0}
    - target: {fileID: 6320782679942705270, guid: f2dd168e9f808354c8da9802c20e6589, type: 3}
      propertyPath: trs
      value: 
      objectReference: {fileID: 1501514863}
    - target: {fileID: 6668412175965637131, guid: f2dd168e9f808354c8da9802c20e6589, type: 3}
      propertyPath: m_RootOrder
      value: -1
      objectReference: {fileID: 0}
    - target: {fileID: 6668412175965637131, guid: f2dd168e9f808354c8da9802c20e6589, type: 3}
      propertyPath: m_LocalPosition.x
      value: -2
      objectReference: {fileID: 0}
    - target: {fileID: 6668412175965637131, guid: f2dd168e9f808354c8da9802c20e6589, type: 3}
      propertyPath: m_LocalPosition.y
      value: 1
      objectReference: {fileID: 0}
    - target: {fileID: 6668412175965637131, guid: f2dd168e9f808354c8da9802c20e6589, type: 3}
      propertyPath: m_LocalPosition.z
      value: 0
      objectReference: {fileID: 0}
    - target: {fileID: 6668412175965637131, guid: f2dd168e9f808354c8da9802c20e6589, type: 3}
      propertyPath: m_LocalRotation.w
      value: 1
      objectReference: {fileID: 0}
    - target: {fileID: 6668412175965637131, guid: f2dd168e9f808354c8da9802c20e6589, type: 3}
      propertyPath: m_LocalRotation.x
      value: -0
      objectReference: {fileID: 0}
    - target: {fileID: 6668412175965637131, guid: f2dd168e9f808354c8da9802c20e6589, type: 3}
      propertyPath: m_LocalRotation.y
      value: -0
      objectReference: {fileID: 0}
    - target: {fileID: 6668412175965637131, guid: f2dd168e9f808354c8da9802c20e6589, type: 3}
      propertyPath: m_LocalRotation.z
      value: -0
      objectReference: {fileID: 0}
    - target: {fileID: 6668412175965637131, guid: f2dd168e9f808354c8da9802c20e6589, type: 3}
      propertyPath: m_LocalEulerAnglesHint.x
      value: 0
      objectReference: {fileID: 0}
    - target: {fileID: 6668412175965637131, guid: f2dd168e9f808354c8da9802c20e6589, type: 3}
      propertyPath: m_LocalEulerAnglesHint.y
      value: 0
      objectReference: {fileID: 0}
    - target: {fileID: 6668412175965637131, guid: f2dd168e9f808354c8da9802c20e6589, type: 3}
      propertyPath: m_LocalEulerAnglesHint.z
      value: 0
      objectReference: {fileID: 0}
    m_RemovedComponents: []
    m_RemovedGameObjects: []
    m_AddedGameObjects: []
    m_AddedComponents: []
  m_SourcePrefab: {fileID: 100100000, guid: f2dd168e9f808354c8da9802c20e6589, type: 3}
--- !u!4 &1501514863 stripped
Transform:
  m_CorrespondingSourceObject: {fileID: 6668412175965637131, guid: f2dd168e9f808354c8da9802c20e6589, type: 3}
  m_PrefabInstance: {fileID: 1501514862}
  m_PrefabAsset: {fileID: 0}
--- !u!1001 &1631417745
PrefabInstance:
  m_ObjectHideFlags: 0
  serializedVersion: 2
  m_Modification:
    serializedVersion: 3
    m_TransformParent: {fileID: 2145944173}
    m_Modifications:
    - target: {fileID: 5234425490332279309, guid: f2dd168e9f808354c8da9802c20e6589, type: 3}
      propertyPath: m_Name
      value: Wall (15)
      objectReference: {fileID: 0}
    - target: {fileID: 6320782679942705270, guid: f2dd168e9f808354c8da9802c20e6589, type: 3}
      propertyPath: trs
      value: 
      objectReference: {fileID: 1631417746}
    - target: {fileID: 6668412175965637131, guid: f2dd168e9f808354c8da9802c20e6589, type: 3}
      propertyPath: m_RootOrder
      value: -1
      objectReference: {fileID: 0}
    - target: {fileID: 6668412175965637131, guid: f2dd168e9f808354c8da9802c20e6589, type: 3}
      propertyPath: m_LocalPosition.x
      value: 0
      objectReference: {fileID: 0}
    - target: {fileID: 6668412175965637131, guid: f2dd168e9f808354c8da9802c20e6589, type: 3}
      propertyPath: m_LocalPosition.y
      value: 1
      objectReference: {fileID: 0}
    - target: {fileID: 6668412175965637131, guid: f2dd168e9f808354c8da9802c20e6589, type: 3}
      propertyPath: m_LocalPosition.z
      value: 0
      objectReference: {fileID: 0}
    - target: {fileID: 6668412175965637131, guid: f2dd168e9f808354c8da9802c20e6589, type: 3}
      propertyPath: m_LocalRotation.w
      value: 1
      objectReference: {fileID: 0}
    - target: {fileID: 6668412175965637131, guid: f2dd168e9f808354c8da9802c20e6589, type: 3}
      propertyPath: m_LocalRotation.x
      value: -0
      objectReference: {fileID: 0}
    - target: {fileID: 6668412175965637131, guid: f2dd168e9f808354c8da9802c20e6589, type: 3}
      propertyPath: m_LocalRotation.y
      value: -0
      objectReference: {fileID: 0}
    - target: {fileID: 6668412175965637131, guid: f2dd168e9f808354c8da9802c20e6589, type: 3}
      propertyPath: m_LocalRotation.z
      value: -0
      objectReference: {fileID: 0}
    - target: {fileID: 6668412175965637131, guid: f2dd168e9f808354c8da9802c20e6589, type: 3}
      propertyPath: m_LocalEulerAnglesHint.x
      value: 0
      objectReference: {fileID: 0}
    - target: {fileID: 6668412175965637131, guid: f2dd168e9f808354c8da9802c20e6589, type: 3}
      propertyPath: m_LocalEulerAnglesHint.y
      value: 0
      objectReference: {fileID: 0}
    - target: {fileID: 6668412175965637131, guid: f2dd168e9f808354c8da9802c20e6589, type: 3}
      propertyPath: m_LocalEulerAnglesHint.z
      value: 0
      objectReference: {fileID: 0}
    m_RemovedComponents: []
    m_RemovedGameObjects: []
    m_AddedGameObjects: []
    m_AddedComponents: []
  m_SourcePrefab: {fileID: 100100000, guid: f2dd168e9f808354c8da9802c20e6589, type: 3}
--- !u!4 &1631417746 stripped
Transform:
  m_CorrespondingSourceObject: {fileID: 6668412175965637131, guid: f2dd168e9f808354c8da9802c20e6589, type: 3}
  m_PrefabInstance: {fileID: 1631417745}
  m_PrefabAsset: {fileID: 0}
--- !u!1001 &1688542663
PrefabInstance:
  m_ObjectHideFlags: 0
  serializedVersion: 2
  m_Modification:
    serializedVersion: 3
    m_TransformParent: {fileID: 2145944173}
    m_Modifications:
    - target: {fileID: 5234425490332279309, guid: f2dd168e9f808354c8da9802c20e6589, type: 3}
      propertyPath: m_Name
      value: Wall (16)
      objectReference: {fileID: 0}
    - target: {fileID: 6320782679942705270, guid: f2dd168e9f808354c8da9802c20e6589, type: 3}
      propertyPath: trs
      value: 
      objectReference: {fileID: 1688542664}
    - target: {fileID: 6668412175965637131, guid: f2dd168e9f808354c8da9802c20e6589, type: 3}
      propertyPath: m_RootOrder
      value: -1
      objectReference: {fileID: 0}
    - target: {fileID: 6668412175965637131, guid: f2dd168e9f808354c8da9802c20e6589, type: 3}
      propertyPath: m_LocalPosition.x
      value: -1
      objectReference: {fileID: 0}
    - target: {fileID: 6668412175965637131, guid: f2dd168e9f808354c8da9802c20e6589, type: 3}
      propertyPath: m_LocalPosition.y
      value: 0
      objectReference: {fileID: 0}
    - target: {fileID: 6668412175965637131, guid: f2dd168e9f808354c8da9802c20e6589, type: 3}
      propertyPath: m_LocalPosition.z
      value: 0
      objectReference: {fileID: 0}
    - target: {fileID: 6668412175965637131, guid: f2dd168e9f808354c8da9802c20e6589, type: 3}
      propertyPath: m_LocalRotation.w
      value: 1
      objectReference: {fileID: 0}
    - target: {fileID: 6668412175965637131, guid: f2dd168e9f808354c8da9802c20e6589, type: 3}
      propertyPath: m_LocalRotation.x
      value: -0
      objectReference: {fileID: 0}
    - target: {fileID: 6668412175965637131, guid: f2dd168e9f808354c8da9802c20e6589, type: 3}
      propertyPath: m_LocalRotation.y
      value: -0
      objectReference: {fileID: 0}
    - target: {fileID: 6668412175965637131, guid: f2dd168e9f808354c8da9802c20e6589, type: 3}
      propertyPath: m_LocalRotation.z
      value: -0
      objectReference: {fileID: 0}
    - target: {fileID: 6668412175965637131, guid: f2dd168e9f808354c8da9802c20e6589, type: 3}
      propertyPath: m_LocalEulerAnglesHint.x
      value: 0
      objectReference: {fileID: 0}
    - target: {fileID: 6668412175965637131, guid: f2dd168e9f808354c8da9802c20e6589, type: 3}
      propertyPath: m_LocalEulerAnglesHint.y
      value: 0
      objectReference: {fileID: 0}
    - target: {fileID: 6668412175965637131, guid: f2dd168e9f808354c8da9802c20e6589, type: 3}
      propertyPath: m_LocalEulerAnglesHint.z
      value: 0
      objectReference: {fileID: 0}
    m_RemovedComponents: []
    m_RemovedGameObjects: []
    m_AddedGameObjects: []
    m_AddedComponents: []
  m_SourcePrefab: {fileID: 100100000, guid: f2dd168e9f808354c8da9802c20e6589, type: 3}
--- !u!4 &1688542664 stripped
Transform:
  m_CorrespondingSourceObject: {fileID: 6668412175965637131, guid: f2dd168e9f808354c8da9802c20e6589, type: 3}
  m_PrefabInstance: {fileID: 1688542663}
  m_PrefabAsset: {fileID: 0}
--- !u!1001 &1697304952
PrefabInstance:
  m_ObjectHideFlags: 0
  serializedVersion: 2
  m_Modification:
    serializedVersion: 3
    m_TransformParent: {fileID: 2145944173}
    m_Modifications:
    - target: {fileID: 5234425490332279309, guid: f2dd168e9f808354c8da9802c20e6589, type: 3}
      propertyPath: m_Name
      value: Wall (22)
      objectReference: {fileID: 0}
    - target: {fileID: 6320782679942705270, guid: f2dd168e9f808354c8da9802c20e6589, type: 3}
      propertyPath: trs
      value: 
      objectReference: {fileID: 1697304953}
    - target: {fileID: 6668412175965637131, guid: f2dd168e9f808354c8da9802c20e6589, type: 3}
      propertyPath: m_RootOrder
      value: -1
      objectReference: {fileID: 0}
    - target: {fileID: 6668412175965637131, guid: f2dd168e9f808354c8da9802c20e6589, type: 3}
      propertyPath: m_LocalPosition.x
      value: 3
      objectReference: {fileID: 0}
    - target: {fileID: 6668412175965637131, guid: f2dd168e9f808354c8da9802c20e6589, type: 3}
      propertyPath: m_LocalPosition.y
      value: -1
      objectReference: {fileID: 0}
    - target: {fileID: 6668412175965637131, guid: f2dd168e9f808354c8da9802c20e6589, type: 3}
      propertyPath: m_LocalPosition.z
      value: 0
      objectReference: {fileID: 0}
    - target: {fileID: 6668412175965637131, guid: f2dd168e9f808354c8da9802c20e6589, type: 3}
      propertyPath: m_LocalRotation.w
      value: 1
      objectReference: {fileID: 0}
    - target: {fileID: 6668412175965637131, guid: f2dd168e9f808354c8da9802c20e6589, type: 3}
      propertyPath: m_LocalRotation.x
      value: -0
      objectReference: {fileID: 0}
    - target: {fileID: 6668412175965637131, guid: f2dd168e9f808354c8da9802c20e6589, type: 3}
      propertyPath: m_LocalRotation.y
      value: -0
      objectReference: {fileID: 0}
    - target: {fileID: 6668412175965637131, guid: f2dd168e9f808354c8da9802c20e6589, type: 3}
      propertyPath: m_LocalRotation.z
      value: -0
      objectReference: {fileID: 0}
    - target: {fileID: 6668412175965637131, guid: f2dd168e9f808354c8da9802c20e6589, type: 3}
      propertyPath: m_LocalEulerAnglesHint.x
      value: 0
      objectReference: {fileID: 0}
    - target: {fileID: 6668412175965637131, guid: f2dd168e9f808354c8da9802c20e6589, type: 3}
      propertyPath: m_LocalEulerAnglesHint.y
      value: 0
      objectReference: {fileID: 0}
    - target: {fileID: 6668412175965637131, guid: f2dd168e9f808354c8da9802c20e6589, type: 3}
      propertyPath: m_LocalEulerAnglesHint.z
      value: 0
      objectReference: {fileID: 0}
    m_RemovedComponents: []
    m_RemovedGameObjects: []
    m_AddedGameObjects: []
    m_AddedComponents: []
  m_SourcePrefab: {fileID: 100100000, guid: f2dd168e9f808354c8da9802c20e6589, type: 3}
--- !u!4 &1697304953 stripped
Transform:
  m_CorrespondingSourceObject: {fileID: 6668412175965637131, guid: f2dd168e9f808354c8da9802c20e6589, type: 3}
  m_PrefabInstance: {fileID: 1697304952}
  m_PrefabAsset: {fileID: 0}
--- !u!1001 &1751872101
PrefabInstance:
  m_ObjectHideFlags: 0
  serializedVersion: 2
  m_Modification:
    serializedVersion: 3
    m_TransformParent: {fileID: 2145944173}
    m_Modifications:
    - target: {fileID: 5234425490332279309, guid: f2dd168e9f808354c8da9802c20e6589, type: 3}
      propertyPath: m_Name
      value: Wall (19)
      objectReference: {fileID: 0}
    - target: {fileID: 6320782679942705270, guid: f2dd168e9f808354c8da9802c20e6589, type: 3}
      propertyPath: trs
      value: 
      objectReference: {fileID: 1751872102}
    - target: {fileID: 6668412175965637131, guid: f2dd168e9f808354c8da9802c20e6589, type: 3}
      propertyPath: m_RootOrder
      value: 0
      objectReference: {fileID: 0}
    - target: {fileID: 6668412175965637131, guid: f2dd168e9f808354c8da9802c20e6589, type: 3}
      propertyPath: m_LocalPosition.x
      value: -5
      objectReference: {fileID: 0}
    - target: {fileID: 6668412175965637131, guid: f2dd168e9f808354c8da9802c20e6589, type: 3}
      propertyPath: m_LocalPosition.y
      value: 2
      objectReference: {fileID: 0}
    - target: {fileID: 6668412175965637131, guid: f2dd168e9f808354c8da9802c20e6589, type: 3}
      propertyPath: m_LocalPosition.z
      value: 0
      objectReference: {fileID: 0}
    - target: {fileID: 6668412175965637131, guid: f2dd168e9f808354c8da9802c20e6589, type: 3}
      propertyPath: m_LocalRotation.w
      value: 1
      objectReference: {fileID: 0}
    - target: {fileID: 6668412175965637131, guid: f2dd168e9f808354c8da9802c20e6589, type: 3}
      propertyPath: m_LocalRotation.x
      value: 0
      objectReference: {fileID: 0}
    - target: {fileID: 6668412175965637131, guid: f2dd168e9f808354c8da9802c20e6589, type: 3}
      propertyPath: m_LocalRotation.y
      value: 0
      objectReference: {fileID: 0}
    - target: {fileID: 6668412175965637131, guid: f2dd168e9f808354c8da9802c20e6589, type: 3}
      propertyPath: m_LocalRotation.z
      value: 0
      objectReference: {fileID: 0}
    - target: {fileID: 6668412175965637131, guid: f2dd168e9f808354c8da9802c20e6589, type: 3}
      propertyPath: m_LocalEulerAnglesHint.x
      value: 0
      objectReference: {fileID: 0}
    - target: {fileID: 6668412175965637131, guid: f2dd168e9f808354c8da9802c20e6589, type: 3}
      propertyPath: m_LocalEulerAnglesHint.y
      value: 0
      objectReference: {fileID: 0}
    - target: {fileID: 6668412175965637131, guid: f2dd168e9f808354c8da9802c20e6589, type: 3}
      propertyPath: m_LocalEulerAnglesHint.z
      value: 0
      objectReference: {fileID: 0}
    m_RemovedComponents: []
    m_RemovedGameObjects: []
    m_AddedGameObjects: []
    m_AddedComponents: []
  m_SourcePrefab: {fileID: 100100000, guid: f2dd168e9f808354c8da9802c20e6589, type: 3}
--- !u!4 &1751872102 stripped
Transform:
  m_CorrespondingSourceObject: {fileID: 6668412175965637131, guid: f2dd168e9f808354c8da9802c20e6589, type: 3}
  m_PrefabInstance: {fileID: 1751872101}
  m_PrefabAsset: {fileID: 0}
--- !u!1001 &1940099519
PrefabInstance:
  m_ObjectHideFlags: 0
  serializedVersion: 2
  m_Modification:
    serializedVersion: 3
    m_TransformParent: {fileID: 2145944173}
    m_Modifications:
    - target: {fileID: 5234425490332279309, guid: f2dd168e9f808354c8da9802c20e6589, type: 3}
      propertyPath: m_Name
      value: Wall (23)
      objectReference: {fileID: 0}
    - target: {fileID: 6320782679942705270, guid: f2dd168e9f808354c8da9802c20e6589, type: 3}
      propertyPath: trs
      value: 
      objectReference: {fileID: 1940099520}
    - target: {fileID: 6668412175965637131, guid: f2dd168e9f808354c8da9802c20e6589, type: 3}
      propertyPath: m_RootOrder
      value: -1
      objectReference: {fileID: 0}
    - target: {fileID: 6668412175965637131, guid: f2dd168e9f808354c8da9802c20e6589, type: 3}
      propertyPath: m_LocalPosition.x
      value: -3
      objectReference: {fileID: 0}
    - target: {fileID: 6668412175965637131, guid: f2dd168e9f808354c8da9802c20e6589, type: 3}
      propertyPath: m_LocalPosition.y
      value: 1
      objectReference: {fileID: 0}
    - target: {fileID: 6668412175965637131, guid: f2dd168e9f808354c8da9802c20e6589, type: 3}
      propertyPath: m_LocalPosition.z
      value: 0
      objectReference: {fileID: 0}
    - target: {fileID: 6668412175965637131, guid: f2dd168e9f808354c8da9802c20e6589, type: 3}
      propertyPath: m_LocalRotation.w
      value: 1
      objectReference: {fileID: 0}
    - target: {fileID: 6668412175965637131, guid: f2dd168e9f808354c8da9802c20e6589, type: 3}
      propertyPath: m_LocalRotation.x
      value: -0
      objectReference: {fileID: 0}
    - target: {fileID: 6668412175965637131, guid: f2dd168e9f808354c8da9802c20e6589, type: 3}
      propertyPath: m_LocalRotation.y
      value: -0
      objectReference: {fileID: 0}
    - target: {fileID: 6668412175965637131, guid: f2dd168e9f808354c8da9802c20e6589, type: 3}
      propertyPath: m_LocalRotation.z
      value: -0
      objectReference: {fileID: 0}
    - target: {fileID: 6668412175965637131, guid: f2dd168e9f808354c8da9802c20e6589, type: 3}
      propertyPath: m_LocalEulerAnglesHint.x
      value: 0
      objectReference: {fileID: 0}
    - target: {fileID: 6668412175965637131, guid: f2dd168e9f808354c8da9802c20e6589, type: 3}
      propertyPath: m_LocalEulerAnglesHint.y
      value: 0
      objectReference: {fileID: 0}
    - target: {fileID: 6668412175965637131, guid: f2dd168e9f808354c8da9802c20e6589, type: 3}
      propertyPath: m_LocalEulerAnglesHint.z
      value: 0
      objectReference: {fileID: 0}
    m_RemovedComponents: []
    m_RemovedGameObjects: []
    m_AddedGameObjects: []
    m_AddedComponents: []
  m_SourcePrefab: {fileID: 100100000, guid: f2dd168e9f808354c8da9802c20e6589, type: 3}
--- !u!4 &1940099520 stripped
Transform:
  m_CorrespondingSourceObject: {fileID: 6668412175965637131, guid: f2dd168e9f808354c8da9802c20e6589, type: 3}
  m_PrefabInstance: {fileID: 1940099519}
  m_PrefabAsset: {fileID: 0}
--- !u!1001 &2086975792
PrefabInstance:
  m_ObjectHideFlags: 0
  serializedVersion: 2
  m_Modification:
    serializedVersion: 3
    m_TransformParent: {fileID: 2145944173}
    m_Modifications:
    - target: {fileID: 1394863023538392608, guid: 46515e6d8ad682a408beaa53ad93c36f, type: 3}
      propertyPath: m_Positions.Array.data[0].x
      value: 0
      objectReference: {fileID: 0}
    - target: {fileID: 1394863023538392608, guid: 46515e6d8ad682a408beaa53ad93c36f, type: 3}
      propertyPath: m_Positions.Array.data[0].y
      value: 3
      objectReference: {fileID: 0}
    - target: {fileID: 1394863023538392608, guid: 46515e6d8ad682a408beaa53ad93c36f, type: 3}
      propertyPath: m_Positions.Array.data[1].x
      value: 0
      objectReference: {fileID: 0}
    - target: {fileID: 1394863023538392608, guid: 46515e6d8ad682a408beaa53ad93c36f, type: 3}
      propertyPath: m_Positions.Array.data[1].y
      value: 0
      objectReference: {fileID: 0}
    - target: {fileID: 4966862752854015641, guid: 46515e6d8ad682a408beaa53ad93c36f, type: 3}
      propertyPath: teleportTo
      value: 
      objectReference: {fileID: 613687612}
    - target: {fileID: 5234425490332279309, guid: 46515e6d8ad682a408beaa53ad93c36f, type: 3}
      propertyPath: m_Name
      value: Portal (3)
      objectReference: {fileID: 0}
    - target: {fileID: 6668412175965637131, guid: 46515e6d8ad682a408beaa53ad93c36f, type: 3}
      propertyPath: m_RootOrder
      value: -1
      objectReference: {fileID: 0}
    - target: {fileID: 6668412175965637131, guid: 46515e6d8ad682a408beaa53ad93c36f, type: 3}
      propertyPath: m_LocalPosition.x
      value: 0
      objectReference: {fileID: 0}
    - target: {fileID: 6668412175965637131, guid: 46515e6d8ad682a408beaa53ad93c36f, type: 3}
      propertyPath: m_LocalPosition.y
      value: 3
      objectReference: {fileID: 0}
    - target: {fileID: 6668412175965637131, guid: 46515e6d8ad682a408beaa53ad93c36f, type: 3}
      propertyPath: m_LocalPosition.z
      value: 0
      objectReference: {fileID: 0}
    - target: {fileID: 6668412175965637131, guid: 46515e6d8ad682a408beaa53ad93c36f, type: 3}
      propertyPath: m_LocalRotation.w
      value: 1
      objectReference: {fileID: 0}
    - target: {fileID: 6668412175965637131, guid: 46515e6d8ad682a408beaa53ad93c36f, type: 3}
      propertyPath: m_LocalRotation.x
      value: -0
      objectReference: {fileID: 0}
    - target: {fileID: 6668412175965637131, guid: 46515e6d8ad682a408beaa53ad93c36f, type: 3}
      propertyPath: m_LocalRotation.y
      value: -0
      objectReference: {fileID: 0}
    - target: {fileID: 6668412175965637131, guid: 46515e6d8ad682a408beaa53ad93c36f, type: 3}
      propertyPath: m_LocalRotation.z
      value: -0
      objectReference: {fileID: 0}
    - target: {fileID: 6668412175965637131, guid: 46515e6d8ad682a408beaa53ad93c36f, type: 3}
      propertyPath: m_LocalEulerAnglesHint.x
      value: 0
      objectReference: {fileID: 0}
    - target: {fileID: 6668412175965637131, guid: 46515e6d8ad682a408beaa53ad93c36f, type: 3}
      propertyPath: m_LocalEulerAnglesHint.y
      value: 0
      objectReference: {fileID: 0}
    - target: {fileID: 6668412175965637131, guid: 46515e6d8ad682a408beaa53ad93c36f, type: 3}
      propertyPath: m_LocalEulerAnglesHint.z
      value: 0
      objectReference: {fileID: 0}
    m_RemovedComponents: []
    m_RemovedGameObjects: []
    m_AddedGameObjects: []
    m_AddedComponents: []
  m_SourcePrefab: {fileID: 100100000, guid: 46515e6d8ad682a408beaa53ad93c36f, type: 3}
--- !u!4 &2086975793 stripped
Transform:
  m_CorrespondingSourceObject: {fileID: 6668412175965637131, guid: 46515e6d8ad682a408beaa53ad93c36f, type: 3}
  m_PrefabInstance: {fileID: 2086975792}
  m_PrefabAsset: {fileID: 0}
--- !u!114 &2086975794 stripped
MonoBehaviour:
  m_CorrespondingSourceObject: {fileID: 4966862752854015641, guid: 46515e6d8ad682a408beaa53ad93c36f, type: 3}
  m_PrefabInstance: {fileID: 2086975792}
  m_PrefabAsset: {fileID: 0}
  m_GameObject: {fileID: 0}
  m_Enabled: 1
  m_EditorHideFlags: 0
  m_Script: {fileID: 11500000, guid: 3252d0bab187ca34a937230b17453d17, type: 3}
  m_Name: 
  m_EditorClassIdentifier: 
--- !u!1001 &2087310610
PrefabInstance:
  m_ObjectHideFlags: 0
  serializedVersion: 2
  m_Modification:
    serializedVersion: 3
    m_TransformParent: {fileID: 2145944173}
    m_Modifications:
    - target: {fileID: 5234425490332279309, guid: f2dd168e9f808354c8da9802c20e6589, type: 3}
      propertyPath: m_Name
      value: Wall (25)
      objectReference: {fileID: 0}
    - target: {fileID: 6320782679942705270, guid: f2dd168e9f808354c8da9802c20e6589, type: 3}
      propertyPath: trs
      value: 
      objectReference: {fileID: 2087310611}
    - target: {fileID: 6668412175965637131, guid: f2dd168e9f808354c8da9802c20e6589, type: 3}
      propertyPath: m_RootOrder
      value: -1
      objectReference: {fileID: 0}
    - target: {fileID: 6668412175965637131, guid: f2dd168e9f808354c8da9802c20e6589, type: 3}
      propertyPath: m_LocalPosition.x
      value: 4
      objectReference: {fileID: 0}
    - target: {fileID: 6668412175965637131, guid: f2dd168e9f808354c8da9802c20e6589, type: 3}
      propertyPath: m_LocalPosition.y
      value: -1
      objectReference: {fileID: 0}
    - target: {fileID: 6668412175965637131, guid: f2dd168e9f808354c8da9802c20e6589, type: 3}
      propertyPath: m_LocalPosition.z
      value: 0
      objectReference: {fileID: 0}
    - target: {fileID: 6668412175965637131, guid: f2dd168e9f808354c8da9802c20e6589, type: 3}
      propertyPath: m_LocalRotation.w
      value: 1
      objectReference: {fileID: 0}
    - target: {fileID: 6668412175965637131, guid: f2dd168e9f808354c8da9802c20e6589, type: 3}
      propertyPath: m_LocalRotation.x
      value: -0
      objectReference: {fileID: 0}
    - target: {fileID: 6668412175965637131, guid: f2dd168e9f808354c8da9802c20e6589, type: 3}
      propertyPath: m_LocalRotation.y
      value: -0
      objectReference: {fileID: 0}
    - target: {fileID: 6668412175965637131, guid: f2dd168e9f808354c8da9802c20e6589, type: 3}
      propertyPath: m_LocalRotation.z
      value: -0
      objectReference: {fileID: 0}
    - target: {fileID: 6668412175965637131, guid: f2dd168e9f808354c8da9802c20e6589, type: 3}
      propertyPath: m_LocalEulerAnglesHint.x
      value: 0
      objectReference: {fileID: 0}
    - target: {fileID: 6668412175965637131, guid: f2dd168e9f808354c8da9802c20e6589, type: 3}
      propertyPath: m_LocalEulerAnglesHint.y
      value: 0
      objectReference: {fileID: 0}
    - target: {fileID: 6668412175965637131, guid: f2dd168e9f808354c8da9802c20e6589, type: 3}
      propertyPath: m_LocalEulerAnglesHint.z
      value: 0
      objectReference: {fileID: 0}
    m_RemovedComponents: []
    m_RemovedGameObjects: []
    m_AddedGameObjects: []
    m_AddedComponents: []
  m_SourcePrefab: {fileID: 100100000, guid: f2dd168e9f808354c8da9802c20e6589, type: 3}
--- !u!4 &2087310611 stripped
Transform:
  m_CorrespondingSourceObject: {fileID: 6668412175965637131, guid: f2dd168e9f808354c8da9802c20e6589, type: 3}
  m_PrefabInstance: {fileID: 2087310610}
  m_PrefabAsset: {fileID: 0}
--- !u!1001 &2118508496
PrefabInstance:
  m_ObjectHideFlags: 0
  serializedVersion: 2
  m_Modification:
    serializedVersion: 3
    m_TransformParent: {fileID: 2145944173}
    m_Modifications:
    - target: {fileID: 5234425490332279309, guid: f2dd168e9f808354c8da9802c20e6589, type: 3}
      propertyPath: m_Name
      value: Wall (17)
      objectReference: {fileID: 0}
    - target: {fileID: 6320782679942705270, guid: f2dd168e9f808354c8da9802c20e6589, type: 3}
      propertyPath: trs
      value: 
      objectReference: {fileID: 2118508497}
    - target: {fileID: 6668412175965637131, guid: f2dd168e9f808354c8da9802c20e6589, type: 3}
      propertyPath: m_RootOrder
      value: -1
      objectReference: {fileID: 0}
    - target: {fileID: 6668412175965637131, guid: f2dd168e9f808354c8da9802c20e6589, type: 3}
      propertyPath: m_LocalPosition.x
      value: 0
      objectReference: {fileID: 0}
    - target: {fileID: 6668412175965637131, guid: f2dd168e9f808354c8da9802c20e6589, type: 3}
      propertyPath: m_LocalPosition.y
      value: -1
      objectReference: {fileID: 0}
    - target: {fileID: 6668412175965637131, guid: f2dd168e9f808354c8da9802c20e6589, type: 3}
      propertyPath: m_LocalPosition.z
      value: 0
      objectReference: {fileID: 0}
    - target: {fileID: 6668412175965637131, guid: f2dd168e9f808354c8da9802c20e6589, type: 3}
      propertyPath: m_LocalRotation.w
      value: 1
      objectReference: {fileID: 0}
    - target: {fileID: 6668412175965637131, guid: f2dd168e9f808354c8da9802c20e6589, type: 3}
      propertyPath: m_LocalRotation.x
      value: -0
      objectReference: {fileID: 0}
    - target: {fileID: 6668412175965637131, guid: f2dd168e9f808354c8da9802c20e6589, type: 3}
      propertyPath: m_LocalRotation.y
      value: -0
      objectReference: {fileID: 0}
    - target: {fileID: 6668412175965637131, guid: f2dd168e9f808354c8da9802c20e6589, type: 3}
      propertyPath: m_LocalRotation.z
      value: -0
      objectReference: {fileID: 0}
    - target: {fileID: 6668412175965637131, guid: f2dd168e9f808354c8da9802c20e6589, type: 3}
      propertyPath: m_LocalEulerAnglesHint.x
      value: 0
      objectReference: {fileID: 0}
    - target: {fileID: 6668412175965637131, guid: f2dd168e9f808354c8da9802c20e6589, type: 3}
      propertyPath: m_LocalEulerAnglesHint.y
      value: 0
      objectReference: {fileID: 0}
    - target: {fileID: 6668412175965637131, guid: f2dd168e9f808354c8da9802c20e6589, type: 3}
      propertyPath: m_LocalEulerAnglesHint.z
      value: 0
      objectReference: {fileID: 0}
    m_RemovedComponents: []
    m_RemovedGameObjects: []
    m_AddedGameObjects: []
    m_AddedComponents: []
  m_SourcePrefab: {fileID: 100100000, guid: f2dd168e9f808354c8da9802c20e6589, type: 3}
--- !u!4 &2118508497 stripped
Transform:
  m_CorrespondingSourceObject: {fileID: 6668412175965637131, guid: f2dd168e9f808354c8da9802c20e6589, type: 3}
  m_PrefabInstance: {fileID: 2118508496}
  m_PrefabAsset: {fileID: 0}
--- !u!1 &2145944172
GameObject:
  m_ObjectHideFlags: 0
  m_CorrespondingSourceObject: {fileID: 0}
  m_PrefabInstance: {fileID: 0}
  m_PrefabAsset: {fileID: 0}
  serializedVersion: 6
  m_Component:
  - component: {fileID: 2145944173}
  m_Layer: 0
  m_Name: State
  m_TagString: Untagged
  m_Icon: {fileID: 0}
  m_NavMeshLayer: 0
  m_StaticEditorFlags: 0
  m_IsActive: 1
--- !u!4 &2145944173
Transform:
  m_ObjectHideFlags: 0
  m_CorrespondingSourceObject: {fileID: 0}
  m_PrefabInstance: {fileID: 0}
  m_PrefabAsset: {fileID: 0}
  m_GameObject: {fileID: 2145944172}
  m_LocalRotation: {x: 0, y: 0, z: 0, w: 1}
  m_LocalPosition: {x: 0, y: 0, z: 0}
  m_LocalScale: {x: 1, y: 1, z: 1}
  m_ConstrainProportionsScale: 0
  m_Children:
  - {fileID: 961722788}
  - {fileID: 209567190}
  - {fileID: 1751872102}
  - {fileID: 944369088}
  - {fileID: 1631417746}
  - {fileID: 1688542664}
  - {fileID: 2118508497}
  - {fileID: 613687613}
  - {fileID: 2086975793}
  - {fileID: 289499001}
  - {fileID: 359852599}
  - {fileID: 126242016}
  - {fileID: 729147465}
  - {fileID: 1501514863}
  - {fileID: 1697304953}
  - {fileID: 1940099520}
  - {fileID: 1229305312}
  - {fileID: 2087310611}
  - {fileID: 178283482}
  - {fileID: 14420787}
  - {fileID: 16162618}
  m_Father: {fileID: 0}
  m_RootOrder: 1
  m_LocalEulerAnglesHint: {x: 0, y: 0, z: 0}
